3278 5206
705 407 925 470 -32-

229 587 390 650 sententia
400 584 423 672 ¹)
440 623 482 632 —
499 585 601 650 altera
625 586 793 650 divisionis
818 586 958 670 species,
983 607 1030 649 sc.
1054 587 1244 664 distributio,
1274 608 1316 650 ex
1340 608 1404 671 qua

227 691 382 756 videlicet
416 702 483 756 tota
517 692 601 756 haec
630 692 786 755 orationis
815 713 892 776 pars
922 713 1041 756 nomen
1070 694 1207 777 accepit
1252 693 1402 779 Namque

228 799 313 862 hanc
331 801 588 889 distributionem
611 797 652 862 ab
676 798 882 882 Hermagora
905 797 1158 862 abiudicandam
1183 809 1215 862 et
1233 802 1342 885 potius
1360 800 1404 864 ad

227 907 393 991 antiquam
423 905 608 970 Atticorum
637 904 1046 971 doctrinamreiciendam
1075 927 1149 968 esse
1167 904 1327 970 ¹Thielius
1351 905 1404 970 vel

228 1034 332 1076 exeo
357 1010 532 1094 concludit,
551 1011 639 1097 quod
654 1021 720 1074 tres
744 1009 817 1074 illas
843 1014 1074 1096 praestantias:
1100 1012 1291 1094 breuitatem,
1316 1015 1403 1079 obso-

228 1120 387 1200 tntionem,
405 1121 615 1200 pouoitotem,
645 1139 728 1203 ques
761 1115 878 1186 Cicero
907 1116 923 1179 Ι
952 1117 1060 1199 iuss
1079 1117 1122 1181 ad
1151 1119 1404 1185 distributionem
1501 1119 1505 1123 ’

228 1224 455 1289 accommodat
482 1246 545 1288 nec
569 1235 683 1288 auctor
706 1224 748 1287 ad
771 1224 812 1288 H.
839 1225 970 1288 omnino
994 1246 1060 1288 non
1084 1225 1276 1308 agnoscit2),
1300 1228 1404 1290 instar
1472 1254 1474 1258 ·

227 1333 327 1398 trium
354 1333 513 1417 prooemii
541 1339 573 1393 et
602 1331 798 1394 narrationis
823 1332 979 1393 virtutum
1007 1333 1187 1416 antiquitus
1209 1332 1404 1396 traditarum

229 1438 359 1501 effictas
384 1460 460 1501 esse
484 1445 648 1523 appareat
673 1492 677 1503 .

334 1562 408 1625 Hoc
432 1562 530 1646 igitur
546 1584 627 1624 sane
644 1569 791 1646 apertum
809 1570 860 1625 est
875 1563 1133 1646 propositionem
1149 1571 1181 1625 et
1196 1555 1404 1647 partitionem

229 1668 317 1754 apud
333 1669 499 1732 Romanos
516 1688 647 1753 quoque
672 1669 865 1731 coniunctas
890 1678 1021 1731 exstare
1029 1668 1062 1752 ³).
1102 1668 1166 1731 Vix
1182 1670 1291 1732 minus
1307 1690 1404 1754 aper·

231 1784 299 1838 tum
323 1784 374 1838 est
390 1776 581 1854 partitionis
603 1783 781 1859 praecepta
809 1776 843 1837 in
870 1777 1039 1860 prooemio
1063 1777 1178 1861 repeti.
1224 1775 1307 1839 Nam
1329 1799 1404 1861 pro-

229 1882 349 1966 positio
386 1903 483 1966 quam
517 1883 796 1967 nuncupavimus,
825 1883 845 1946 i.
876 1905 904 1947 e.
931 1882 1160 1967 Hermagorae
1195 1882 1350 1947 iudicatio
1385 1906 1405 1946 a

230 1987 393 2053 Cicerone
410 1997 443 2052 et
458 1988 622 2052 distinctis
638 1981 749 2051 verbis
767 1987 828 2052 sub
846 1990 1029 2054 attentionis
1049 1991 1234 2075 praeceptis
1252 1989 1269 2052 I
1291 1991 1403 2071 1633:

228 2114 418 2176 exponemus
431 2096 658 2159 iudicationem
673 2101 730 2159 out
745 2097 953 2160 indicationes
967 2098 996 2160 si
1007 2096 1118 2176 plnres
1141 2097 1263 2178 erunt4)
1287 2106 1320 2160 et
1343 2096 1405 2159 sub

229 2201 400 2266 docilitatis
420 2200 436 2264 I
458 2202 570 2283 1531:
600 2201 715 2266 dociles
738 2203 896 2266 auditores
919 2204 1083 2284 tocienms,
1107 2205 1136 2267 si
1159 2210 1265 2284 operte
1288 2209 1317 2267 et
1339 2205 1405 2268 bre-

229 2310 308 2372 viter
329 2328 487 2372 summum
515 2328 629 2373 eousoe
656 2329 855 2390 exponemus,
884 2310 940 2374 lieo
967 2315 1020 2389 est,
1048 2313 1088 2373 in
1122 2330 1191 2390 quo
1219 2312 1406 2376 consistat

230 2403 488 2479 controversie
510 2414 656 2477 traditur.
704 2415 852 2499 Apparet
874 2415 972 2498 igitur
995 2451 1038 2462 -
1063 2415 1149 2500 quod
1173 2418 1239 2478 iam
1262 2416 1405 2480 vidimus

232 2522 431 2606 saepiusque
454 2520 640 2584 videbimus
657 2556 700 2566 -
717 2522 814 2584 etiam
838 2523 872 2583 in
896 2521 958 2584 hac
983 2543 1019 2584 re
1034 2521 1187 2585 Latinum
1211 2524 1404 2606 scriptorem

146 2674 149 2682 .
231 2628 265 2691 id
298 2637 478 2712 spectasse,
514 2637 550 2690 ut
584 2621 751 2713 antiquam
788 2619 995 2712 disciplinam
1030 2629 1173 2691 Atticam
1209 2650 1285 2691 cum
1320 2650 1406 2691 nova

148 2806 151 2812 ¹
231 2733 455 2816 Hermagorae
492 2733 670 2819 copularet.
733 2732 827 2812 Quae
861 2742 971 2797 tamen
1003 2726 1166 2819 copulatio
1200 2734 1254 2798 hic
1296 2737 1405 2797 minus

231 2838 348 2925 placet.
396 2839 479 2903 Nam
515 2839 604 2903 aliud
640 2849 691 2903 est
724 2845 836 2920 opertu
869 2839 926 2903 illa
953 2846 983 2905 et
1006 2842 1106 2906 trevis
1127 2861 1270 2906 summae
1293 2862 1407 2906 eousoe

232 2949 383 3027 expositio
407 2946 494 3010 aliud
518 2948 681 3027 iudicatio,
701 2949 741 3017 in
763 2968 828 3028 quo
850 2950 1002 3012 consistet
1021 2950 1242 3028 controuersia,
1260 2969 1334 3010 cum
1350 2945 1406 3010 illa

232 3057 374 3120 indicem
391 3052 555 3136 quandam
570 3055 591 3115 i.
610 3074 637 3115 e.
656 3074 775 3116 causae
793 3053 1032 3138 compendium,
1055 3052 1138 3117 haec
1161 3063 1269 3116 autem
1293 3075 1406 3116 veram

234 3168 266 3220 et
277 3159 442 3243 propriam
454 3163 594 3249 πρόθεσιν
608 3157 901 3243 (Themastellung,
913 3157 1099 3223 Volkmann
1115 3183 1147 3244 p.
1163 3159 1241 3241 173)
1258 3159 1405 3243 efficis).

233 3265 343 3349 Atque
375 3274 488 3329 auctor
516 3265 649 3351 quidem
677 3265 720 3329 ad
749 3266 788 3330 H.
819 3265 836 3328 I
867 3267 920 3347 4‚7
951 3265 1121 3331 Ciceronis
1153 3268 1267 3329 vitium
1298 3267 1407 3343 evitat,

235 3392 310 3434 cum
341 3369 540 3434 docilitatem
571 3393 698 3435 summa
726 3379 851 3434 tantum
876 3393 996 3435 causae
1025 3372 1219 3457 exponenda
1249 3373 1409 3436 contineri

235 3476 322 3556 dicit,
347 3477 389 3540 de
411 3477 610 3541 iudicatione
634 3487 730 3542 tacet.

343 3707 364 3769 ¹)
383 3704 421 3762 of.
447 3704 602 3759 Volkmann
626 3725 654 3774 p.
678 3705 744 3772 173;
767 3705 904 3760 Heinicke
930 3718 956 3775 p.
981 3705 1022 3759 78.
1060 3706 1149 3760 Aliter
1167 3706 1292 3760 Thielius
1311 3726 1337 3776 p.
1359 3706 1410 3758 123

235 3793 361 3847 iudicare
381 3793 501 3847 videtur.
1072 3821 1075 3825 ’

344 3883 363 3949 ²)
384 3881 419 3936 of.
438 3882 544 3952 Thiele,
564 3886 671 3951 quaest.
691 3903 718 3952 p.
738 3883 782 3939 92.

344 3970 365 4041 ³)
387 3970 574 4035 Quintilianus
598 3989 708 4040 quoque
732 3989 779 4026 ees
804 3973 924 4040 quodam
946 3974 1028 4028 modo
1052 3972 1204 4043 coniungit,
1224 3972 1260 4029 cf.
1278 3973 1319 4026 IV
1337 3974 1408 4042 b,·26.

238 4059 406 4128 (Volkmann
425 4079 451 4128 p.
473 4060 545 4128 174).
917 4047 920 4052 ’

344 4150 366 4217 ⁴)
387 4146 422 4202 cf.
441 4148 455 4201 I
473 4149 565 4211 1521:
584 4149 614 4202 in
632 4149 753 4219 ancipite
773 4166 873 4204 causae
892 4167 996 4219 genere
1014 4150 1156 4204 interdum
1175 4151 1209 4204 ob
1227 4151 1289 4219 ipso
1306 4151 1412 4204 iudico·

237 4237 310 4292 tione
328 4237 519 4292 exordiendum
537 4243 584 4292 ert.

347 4328 367 4391 Β)
387 4326 473 4379 Huius
492 4325 659 4380 discriminis
676 4327 758 4381 initia
776 4329 813 4381 ad
832 4326 1013 4383 Aristotelem
1031 4327 1123 4397 ipsum
1135 4327 1239 4382 referre
1253 4327 1409 4382 studuimus

238 4415 334 4483 (supra
352 4432 380 4484 p.
400 4415 435 4467 25
454 4415 529 4480 adn).
