3278 5206
761 431 1049 514 -54-'

278 625 504 692 Anaximenes
529 630 720 713 assignasse
745 627 895 692 traditur:
922 634 937 695 ὁ
961 633 997 696 δὲ
1012 623 1216 719 Ἀλέξανδρος
1236 635 1295 720 πρὸ
1321 635 1374 720 μὲν
1397 643 1461 698 τῶν

279 743 406 804 πίστεών
431 762 505 827 φησι
533 741 595 803 δεῖν
625 742 747 803 τάττειν
773 742 828 820 τὴν
850 741 987 825 διήγησιν
1010 740 1029 820 ἢ
1054 741 1084 802 έν
1108 741 1215 816 αὐταῖς
1236 747 1307 816 ταῖς
1329 743 1463 804 πίστεσιν

280 850 447 934 μιρίσαντα
479 850 550 923 τοὺς
578 847 754 933 λογισμούς,
783 848 836 910 καὶ
866 849 938 922 τοὺς
961 848 1014 933 μὲν
1037 849 1246 933 προσήκοντας
1268 850 1460 934 προτάττειν,

282 958 356 1030 τοὺς
377 956 414 1018 δὲ
434 957 465 1016 ἒν
482 958 563 1039 μέσῳ
580 953 707 1030 τιθέναι,
724 955 951 1029 διατάττοντας
966 955 1021 1033 τὴν
1037 962 1098 1016 τῶν
1113 955 1295 1039 λειπομένων
1311 955 1460 1041 διήγησιν.

391 1055 479 1140 Ergo
516 1056 598 1119 haec
633 1057 828 1119 narrationis
866 1055 1035 1140 dispositio
1070 1078 1113 1119 ne
1148 1057 1290 1141 posteris
1327 1057 1460 1142 quidem

281 1162 487 1249 temporibus
522 1163 663 1227 evanuit.
715 1161 809 1226 Ratio
838 1172 957 1239 tamen,
993 1184 1076 1247 quae
1101 1162 1143 1225 ad
1171 1165 1376 1227 narrationes
1406 1162 1462 1227 tali

282 1269 380 1334 modo
406 1269 600 1333 dividendas
625 1266 720 1345 valet,
746 1267 818 1332 aliis
843 1269 1058 1353 scriptoribus
1079 1268 1219 1334 aliaest.
1265 1269 1462 1334 Aristoteles

283 1379 380 1458 enim,
405 1376 638 1457 Anaximenes,
659 1375 841 1462 Dionysius
858 1374 1020 1440 divisione
1036 1377 1069 1439 in
1085 1375 1192 1460 longis
1209 1377 1460 1456 narrationibus,
1524 1419 1526 1423 ψ

286 1483 401 1548 Cicero
412 1487 433 1566 ¹)
473 1485 508 1546 in
548 1505 648 1548 causa
688 1480 858 1547 calumniis
895 1505 1066 1569 oppressa,
1106 1483 1271 1547 iudicibus
1308 1495 1465 1569 suspecta

283 1576 439 1654 utendum
464 1611 538 1653 esse
560 1590 667 1654 tradit.
707 1589 861 1674 Denique
878 1588 1068 1654 Alexander
1092 1592 1126 1653 in
1150 1592 1304 1676 anonymi
1324 1599 1463 1654 tractatu
1532 1653 1534 1656 ,

282 1696 315 1780 (ἓ
347 1695 424 1779 133)
460 1705 492 1760 et
527 1696 568 1759 ad
601 1699 817 1760 vetustiorum
845 1696 1026 1760 doctrinam
1062 1695 1115 1782 (cf.
1146 1697 1243 1778 25,12
1274 1696 1329 1781 G.)
1362 1708 1394 1760 et
1421 1698 1463 1761 ad

284 1801 454 1868 Ciceronis
478 1803 568 1886 (25,8
594 1801 647 1887 G.)
671 1803 832 1867 accedere
857 1803 996 1869 videtur.

389 1909 460 1973 Nec
488 1932 567 1974 vero
597 1908 725 1974 duobus
754 1909 848 1992 locis,
878 1910 938 1995 (sc.
964 1919 1037 1974 ante
1067 1912 1381 1993 argumentationem
1409 1910 1463 1974 vel

285 2019 319 2080 in
347 2019 420 2102 ipsa
448 2016 754 2101 argumentatione),
786 2016 847 2079 sed
876 2018 973 2080 etiam
1001 2015 1112 2080 multis
1143 2015 1215 2080 aliis
1243 2019 1463 2080 narrationem

286 2124 359 2187 fieri
381 2122 555 2188 nonnullos
581 2123 734 2187 docuisse
760 2145 802 2187 ex
825 2144 987 2208 anonymo
1012 2120 1030 2208 ξ
1049 2122 1214 2207 126-82)
1233 2125 1462 2208 comperimus.

287 2230 385 2310 Quod
412 2240 523 2295 autem
550 2238 763 2315 praeceptum
792 2227 810 2314 ξ
836 2230 900 2293 126
928 2231 1108 2293 invenitur:
1141 2232 1361 2294 narrationem
1384 2252 1465 2293 non·

286 2359 464 2422 numquam
498 2346 573 2400 ante
610 2335 781 2399 exordium
817 2335 930 2399 sedem
967 2335 1099 2417 habere,
1129 2335 1191 2400 hoc
1226 2337 1314 2400 idem
1345 2337 1464 2401 eodem

286 2512 353 2565 licet
380 2511 433 2564 hoc
461 2527 559 2563 verum
586 2509 631 2578 sit,
659 2513 754 2563 tamen
782 2510 933 2564 secundum
959 2509 1127 2563 narrationis
1156 2511 1343 2578 disponendae
1367 2529 1467 2580 genus,

288 2601 362 2668 quod
393 2600 468 2668 apud
499 2615 668 2668 anonymum
700 2597 763 2667 Sag.
796 2599 811 2670 ξ
841 2598 893 2651 129
924 2598 1084 2652 Graevenns
1113 2599 1239 2652 divinare
1267 2599 1319 2652 sibi
1347 2600 1465 2670 videtur,

287 2704 465 2757 nequaquam
501 2705 564 2742 cum
596 2686 720 2757 Dionysii
750 2687 836 2741 tertio
868 2688 1023 2757 comparari
1055 2690 1157 2756 potest,
1196 2688 1299 2756 quippe
1329 2689 1358 2741 in
1389 2689 1465 2742 cuius

289 2779 417 2846 exemplo
437 2807 469 2818 -
489 2780 522 2830 ut
539 2778 649 2830 taceam
669 2777 703 2829 de
722 2776 833 2844 reliqua
852 2777 911 2830 eiua
930 2776 1066 2830 varietate
1084 2808 1120 2816 —
1138 2794 1203 2845 pars
1221 2777 1390 2830 narrationis
1409 2778 1469 2831 sine

291 2866 373 2921 dubio
392 2865 590 2936 praemittatur
609 2865 655 2935 (cf.
676 2883 760 2933 supra
777 2884 804 2933 p.
824 2865 891 2935 52⁶),
911 2865 939 2918 id
964 2866 1038 2934 quod
1059 2865 1220 2919 Graevenus
1238 2866 1404 2920 insecundo
1419 2884 1469 2920 suo

290 2973 394 3027 genere
416 2956 477 3010 fieri
499 2973 556 3010 non
580 2955 648 3008 vult.
687 2954 818 3008 Ceterum
841 2972 877 3009 ne
900 2956 1034 3009 molestus
1058 2954 1122 3007 fiam
1146 2955 1229 3024 longa
1248 2955 1420 3023 expositione
1440 2958 1470 3009 et

291 3061 508 3114 supervacanea:
527 3045 687 3098 Alexander
706 3044 772 3112 quid
791 3044 922 3098 statuerit
943 3045 977 3098 de
996 3043 1164 3097 narrationis
1182 3044 1359 3097 collocandae
1371 3045 1469 3112 modis,

292 3153 325 3188 ex
345 3136 360 3206 ξ
380 3134 432 3187 133
455 3134 572 3202 planum
595 3132 635 3202 fit,
658 3132 706 3186 ubi
730 3136 843 3201 praeter
867 3133 935 3186 duos
954 3133 1159 3186 Anaximeneos
1184 3132 1252 3186 alios
1273 3150 1329 3186 non
1349 3149 1470 3186 comme·

294 3223 407 3289 morari,
439 3239 521 3276 nemo
552 3221 725 3274 infitiabitur.
763 3220 807 3286 (cf.
833 3220 939 3275 Schanz
962 3222 980 3276 l.
1005 3238 1029 3274 ο.
1053 3239 1080 3290 p.
1103 3221 1163 3288 46¹,
1195 3221 1241 3288 qui
1263 3223 1376 3274 nostrae
1409 3237 1471 3274 sen-

292 3312 399 3366 tentiae
417 3311 514 3380 favet).
1436 3311 1438 3316 ’

400 3404 421 3467 ¹)
440 3401 479 3454 At
500 3400 549 3454 illa
573 3417 683 3469 quoque
706 3399 735 3452 in
755 3399 847 3452 Verris
872 3416 955 3453 causa
979 3400 1014 3453 ob
1032 3400 1061 3452 id
1080 3417 1174 3466 unum,
1199 3401 1230 3451 ut
1249 3398 1363 3452 nimiam
1382 3399 1472 3467 longi-

293 3491 419 3544 tudinem
440 3489 566 3557 evitaret,
586 3506 657 3557 quae
676 3489 838 3558 exstitisset,
858 3489 881 3542 si
898 3488 1113 3542 innumerabilia
1124 3488 1165 3541 rei
1178 3487 1294 3541 crimina
1306 3505 1361 3541 uno
1374 3489 1473 3541 tenore

294 3583 443 3646 narrasset,
467 3579 655 3632 narrationem
677 3577 802 3631 divisisse
826 3578 938 3631 videtur
961 3577 1008 3645 (cf.
1028 3577 1127 3630 Rohde
1149 3594 1176 3645 p.
1198 3576 1254 3645 29).
1292 3576 1352 3641 Qua
1374 3577 1473 3630 eadem

295 3669 402 3722 ratione
421 3671 580 3737 permotum
598 3699 633 3706 -
656 3685 693 3721 sc.
717 3685 768 3734 „ne
786 3667 911 3720 iudicum
929 3667 1049 3720 attentio
1068 3667 1279 3734 languesceret“
1304 3697 1339 3704 -
1362 3682 1426 3718 eum
1443 3666 1474 3718 in

294 3757 416 3812 Cluentii
436 3755 598 3811 defensione
617 3756 806 3810 narrationem
819 3773 883 3810 cum
896 3755 1105 3809 confirmtione
1118 3753 1285 3821 confudisse,
1304 3770 1474 3822 quamquam

295 3846 419 3900 Bohdius
437 3863 493 3899 non
507 3845 566 3899 sine
579 3844 829 3900 verisimilitudinis
842 3844 935 3914 specie
949 3844 1115 3913 suspicatur,
1133 3846 1228 3896 tamen
1241 3842 1269 3895 in
1282 3843 1335 3896 hac
1348 3843 1474 3897 oratione

297 3934 460 3990 Ciceronem
479 3935 515 3987 ad
534 3935 592 3989 tale
611 3934 759 3988 artificium
776 3935 964 4002 usurpandum
982 3934 1070 4002 magis
1089 3950 1122 3987 eo
1136 3932 1287 3986 excitatum
1301 3949 1360 3986 esse
1373 3931 1474 3993 iudico,

298 4025 363 4093 quia
387 4023 531 4077 Cluentius
554 4024 692 4077 iudicibus
715 4023 744 4076 in
768 4023 923 4091 suspicione
946 4034 1016 4077 erat.
1054 4023 1126 4076 Nam
1148 4021 1310 4076 Ciceronem
1332 4021 1424 4090 ipsum
1447 4036 1477 4075 se

298 4113 420 4168 tenebras
442 4112 571 4177 offudisse
592 4112 727 4166 iudicibus
749 4112 779 4164 ia
802 4127 886 4166 οσασα
909 4111 1026 4166 Cluentii
1046 4111 1192 4182 gloriatum
1215 4128 1276 4164 asse
1299 4111 1372 4179 apud
1392 4109 1476 4173 Quin-

298 4202 426 4255 tilianum
444 4201 471 4254 Π
492 4202 567 4269 17,21
588 4200 752 4269 accepimus.

407 4291 427 4357 έν
447 4291 491 4344 Ad
515 4306 598 4358 quem
625 4290 671 4343 vel
699 4306 769 4358 quos
797 4291 924 4344 auctores
948 4291 1002 4344 hae
1030 4290 1201 4360 paragraphi
1224 4288 1388 4343 referendae
1412 4287 1476 4353 sint,

300 4381 391 4433 adhuc
409 4379 443 4432 lis
462 4381 506 4432 est
523 4379 598 4432 inter
618 4379 714 4434 doctos
733 4379 815 4432 viros.
847 4378 882 4432 cf.
904 4378 1032 4433 Graeven
1051 4397 1079 4448 p.
1098 4378 1190 4432 LVIII
1202 4396 1251 4447 sq,
1270 4378 1377 4432 Schanz
1392 4395 1419 4446 p.
1432 4377 1478 4446 46,

300 4470 480 4536 Angermann
498 4486 525 4536 p.
545 4467 580 4521 55
592 4486 633 4536 sq.
