3278 5206
708 414 927 478 ..64-

228 593 344 657 elucet.
368 591 647 672 QuodsiVictorio
658 591 682 675 ¹)
690 591 790 654 fidem
800 590 991 672 tribuemus,
1003 600 1069 655 tota
1080 613 1206 655 morum
1215 590 1405 677 descriptio,

229 723 312 786 quae
341 703 375 764 in
398 698 501 763 altero
520 698 707 763 rhetoricae
730 697 812 762 libro
829 697 937 762 locum
954 696 1063 779 habet,
1080 697 1155 762 ideo
1172 720 1192 761 a
1207 697 1404 784 philosopho

228 817 383 893 suscepta
399 816 459 884 est,
481 814 516 869 ut
532 802 666 870 doceret
689 804 814 890 „qualis
836 806 938 868 oratio
961 803 1189 891 quomodoque
1205 814 1332 869 morata
1348 805 1405 869 ad*

228 913 332 978 hiberi
348 913 483 978 deberet
500 911 640 976 diversis
657 911 721 975 illis
739 911 900 976 aetatibus
912 921 967 975 aut
979 911 1118 975 fortunis
1130 910 1404 996 persuadendis“.

336 1020 447 1084 Tertia
479 1018 666 1083 Aristotelis
702 1019 891 1104 praeceptio
928 1027 987 1100 est,
1019 1026 1055 1082 ut
1086 1016 1206 1083 decora
1236 1022 1317 1099 λέξις
1349 1019 1405 1081 sit:

228 1133 411 1215 ἀνάλογον
435 1137 512 1206 τοῖς
535 1133 788 1218 ὑποκειμένοις
811 1132 1024 1217 πράγμασιν
1047 1124 1098 1188 ΙΙΙ
1123 1125 1154 1207 7,
1180 1124 1404 1210 1408a10sq.

227 1235 335 1299 Docet
359 1242 464 1298 autem
489 1232 704 1319 philosophus
727 1253 789 1312 nec
815 1232 856 1296 de
879 1234 991 1317 parvis
1015 1230 1114 1295 rebus
1140 1230 1322 1295 sublimiter
1342 1253 1406 1295 nec

229 1342 269 1405 de
294 1342 421 1425 magnis
444 1339 561 1403 leviter
585 1361 660 1404 esse
685 1339 872 1403 dicendum.
912 1339 981 1403 Iam
1006 1360 1084 1402 vero
1100 1337 1164 1402 hoc
1179 1350 1403 1425 praeceptum,

227 1450 357 1512 tametsi
373 1446 579 1525 Aristoteles,
605 1468 680 1510 cum
700 1467 759 1532 pro
778 1449 889 1531 speeie
904 1458 960 1514 τοῦ
975 1454 1140 1536 πρέποντος
1157 1443 1285 1518 habeat,
1309 1450 1405 1541 ἠθικῇ

226 1555 340 1637 λέξειῖ)
358 1576 423 1618 non
440 1553 568 1635 subicit,
595 1553 654 1617 sed
671 1553 828 1638 adiungit,
853 1553 894 1617 ad
910 1556 988 1638 ἦθος
1002 1555 1173 1644 ῥητορικόν,
1192 1552 1280 1637 quod
1296 1561 1405 1637 poste-

228 1664 296 1725 rius
331 1660 568 1742 nominabatur,
603 1663 768 1746 pertinere
804 1662 1015 1746 perspicuum
1054 1672 1112 1724 est.
1170 1659 1280 1745 Atque
1316 1658 1404 1744 apnd

228 1768 439 1832 Aristotelem
469 1769 577 1853 ipsum
608 1768 658 1831 III
687 1767 718 1849 2,
754 1767 979 1853 1404b142q.
1013 1769 1145 1852 species
1176 1766 1230 1830 III
1254 1766 1284 1848 7,
1317 1765 1405 1831 1408

228 1884 399 1960 separatae
429 1874 673 1938 confunduntur
702 1885 734 1938 et
761 1876 795 1938 in
824 1897 889 1938 uno
919 1875 1056 1938 circuitu
1085 1873 1257 1960 copulatae
1286 1894 1404 1958 propo·

228 1992 363 2046 nuntur:
389 1987 419 2049 ἐν
441 1988 478 2049 δὲ
499 1994 564 2061 τοῖς
589 1986 688 2073 ψιλοῖς
703 1987 807 2073 λόγοις
820 1988 926 2070 πολλῷ
943 1987 1126 2050 ἐλάττοσιν·
1150 1987 1244 2072 ἡγὰρ
1263 1984 1405 2060 ὑπόθεσις

227 2095 375 2173 ἐλάττων,
408 2094 470 2157 ἐπεὶ
500 2096 553 2157 καὶ
583 2093 729 2171 ἐνταῦθα,
764 2094 789 2156 εἰ
818 2095 931 2168 δοῦλος
960 2095 1156 2158 καλλιεποῒτο
1185 2093 1204 2172 ἢ
1232 2094 1300 2156 λίαν
1327 2095 1405 2168 νέος,

228 2201 458 2287 ἀπρεπέστερον,
482 2201 501 2280 ἢ
523 2202 590 2287 περὶ
612 2202 681 2264 λίαν
704 2201 814 2286 μικρῶν
845 2194 900 2280 (cf.
925 2197 989 2258 iam
1013 2217 1043 2260 v.
1070 2195 1111 2259 13
1134 2201 1200 2286 περὶ
1224 2199 1245 2262 ἃ
1266 2200 1318 2262 καὶ
1340 2199 1407 2285 περὶ

229 2308 280 2382 οὓς
304 2308 320 2371 ὁ
343 2300 458 2392 λόγος).
499 2302 675 2365 Manifesto
700 2302 753 2365 hic
770 2303 968 2366 coniunctim
985 2301 1169 2387 disputatur
1186 2301 1226 2364 de
1242 2301 1404 2387 personia,

229 2431 311 2494 quas
339 2408 502 2494 profundo
527 2424 583 2472 ore
606 2406 697 2494 loqui
720 2431 786 2473 non
811 2407 927 2473 deceat
950 2417 983 2471 et
1007 2407 1047 2472 de
1072 2407 1183 2490 rebus,
1216 2423 1301 2493 quae
1326 2405 1402 2471 sub-

229 2515 339 2579 limem
364 2515 538 2579 dictionem
562 2537 628 2579 non
652 2515 770 2579 ferant.

175 2624 177 2627 ’
336 2621 580 2685 Aristotelicam
603 2626 762 2706 ἦθοποιΐας
778 2620 969 2702 doctrinam,
994 2631 1151 2707 quantum
1167 2624 1248 2702 λέξιν
1264 2629 1401 2706 spectat,

232 2751 252 2792 a
275 2727 504 2813 Theophrasto
528 2727 571 2792 ad
593 2728 830 2814 perfectionem
855 2727 1029 2793 adductam
1048 2748 1132 2810 esse,
1153 2735 1265 2813 utpote
1283 2728 1338 2813 qui
1356 2725 1402 2790 di·
1468 2744 1473 2754 ’

231 2838 328 2898 sertis
352 2835 464 2899 verbis
481 2837 644 2918 iussisset,
663 2838 843 2899 orationem
860 2844 895 2899 ut
911 2834 1032 2899 decora
1048 2835 1151 2914 fieret,
1168 2836 1267 2898 etiam
1287 2833 1329 2897 ad
1346 2855 1402 2898 au·

230 2941 388 3005 dientium
403 2943 536 3026 ingenia
552 2941 864 3006 accommodandam
881 2964 967 3024 esse,
981 2935 1267 3008 Radermacherus
1284 2941 1343 3005 Rh.
1358 2940 1403 3003 M.

231 3047 274 3111 54
302 3071 333 3133 p.
363 3047 428 3112 376
458 3070 499 3110 ex
527 3048 682 3133 Dionysii
710 3049 750 3112 de
778 3049 879 3134 Lysia
908 3071 979 3134 cap.
1010 3048 1061 3134 9³)
1093 3049 1223 3129 conicit,
1253 3046 1310 3111 ubi
1337 3048 1403 3110 vim

231 3153 512 3239 Theophrasteam
537 3155 691 3239 detegere
715 3155 778 3219 sibi
803 3155 942 3220 videtur.

339 3366 360 3430 ¹)
380 3363 414 3418 cf.
433 3365 554 3419 Roemer
572 3365 662 3434 praef.
680 3385 708 3435 p.
722 3364 807 3419 Xon.
839 3365 893 3418 Sed
913 3367 1064 3420 Roemerus
1083 3366 1142 3435 ipse
1161 3382 1255 3423 secum
1272 3366 1406 3433 reputans

232 3453 417 3522 largissimum
441 3456 485 3509 τοῦ
507 3453 585 3522 ἥλους
607 3464 687 3508 usum
706 3455 741 3508 ad
760 3457 927 3522 argumenta
945 3455 1093 3509 formanda
1110 3455 1204 3520 fuisse,
1224 3452 1406 3507 Aristotelem

232 3559 322 3596 mores
346 3542 449 3596 idcirco
473 3545 542 3597 tam·
556 3543 689 3597 distincte
714 3545 877 3612 explanasse
899 3560 1063 3612 persuasum
1085 3543 1179 3610 habet,
1203 3546 1235 3595 ut
1258 3543 1353 3596 orator
1372 3558 1406 3596 ex

231 3631 264 3683 iis
289 3630 411 3699 cognitis
430 3633 659 3699 argumentorum
678 3631 786 3701 copiam
805 3633 989 3701 depromeret.
1026 3632 1062 3685 nt
1080 3633 1133 3686 hoc
1152 3646 1320 3700 quamquam
1339 3631 1406 3698 quin

115 3727 116 3732 ’
231 3719 260 3772 in
278 3721 361 3790 parte
380 3736 475 3773 verum
496 3719 541 3790 sit,
561 3721 683 3775 dubitari
701 3721 800 3789 nequit
819 3721 865 3786 (cf.
885 3721 971 3775 etiam
984 3723 1072 3775 Anax.
1086 3740 1113 3790 p.
1127 3721 1182 3790 37),
1201 3720 1405 3774 attendendum

231 3811 325 3862 tamen
345 3811 390 3862 eat
408 3809 538 3863 Roemeri
557 3810 715 3864 sententiae
733 3824 818 3863 unum
838 3812 914 3864 certe
933 3810 1131 3864 adminiculum
1150 3809 1185 3864 ab
1205 3809 1403 3878 Angermanno

233 3899 361 3965 ereptum
385 3912 455 3960 esso,
480 3898 526 3965 qui
549 3914 577 3967 p.
597 3898 632 3952 28
641 3915 702 3967 sqq.
721 3899 808 3952 firmia
827 3899 1001 3966 argumentis
1020 3897 1109 3953 officit
1128 3898 1331 3964 Quintilianum
1349 3908 1407 3951 om·

232 3985 297 4040 nino
316 3998 373 4039 nnn
386 3987 564 4041 Rhetoricam
576 3987 774 4042 Aristoteleam
794 3987 936 4056 evolvisse,
955 3988 997 4042 ita
1014 3991 1046 4041 nt
1058 3989 1081 4041 ia
1093 3988 1171 4042 loeus
1184 3986 1220 4057 (V
1234 3986 1275 4056 10,
1290 3987 1407 4055 lbsqqa

142 4099 145 4104 ·
233 4092 287 4142 quo
306 4075 460 4128 Roemerus
479 4075 599 4130 maxime
618 4076 726 4145 nititur,
746 4076 809 4130 vilis
828 4077 873 4130 sit.

343 4164 363 4232 2)
384 4163 447 4218 vide
467 4163 552 4233 1117,
573 4165 755 4233 1408a2bsq.
776 4182 859 4236 supra
877 4184 904 4234 p.
924 4165 967 4218 62.

341 4253 362 4322 ³)
382 4269 440 4322 cap.
461 4254 491 4312 9;
516 4253 558 4320 16,
579 4253 611 4306 17
635 4253 739 4307 Ussit:
763 4250 848 4323 clupea
871 4255 899 4310 δὲ
921 4255 1011 4310 καὶτὸ
1030 4253 1146 4323 πρέπον
1169 4249 1233 4325 ἔχειν
1251 4253 1296 4323 τὴν
1314 4253 1408 4309 Λυσίου

232 4340 295 4404 λέξιν
314 4380 320 4394 .
341 4382 347 4395 .
368 4381 374 4395 .
394 4339 459 4410 ὁρῶν
478 4341 554 4411 αὐτὴν
572 4344 634 4412 πρὸς
652 4363 679 4398 τε
697 4343 738 4398 τὸν
757 4342 889 4412 λέγοντα
906 4345 951 4399 καὶ
968 4344 1029 4412 πρὸς
1041 4348 1097 4407 τοὺς
1110 4345 1280 4406 ἀκούοντας
1292 4344 1336 4399 καὶ
1348 4343 1409 4412 πρὸς

233 4430 261 4484 τὸ
280 4437 406 4499 πρᾶγμα
424 4426 461 4495 [έν
479 4435 572 4496 τούτοις
584 4437 631 4501 γὰρ
645 4438 678 4501 δὴ
690 4433 806 4502 καὶπρὸς
818 4439 897 4488 ταῦτα
910 4433 937 4488 τὸ
949 4432 1076 4502 πρέπον)
1089 4433 1230 4502 ἀρκούντως
1241 4430 1408 4502 ἡρμοσμένην·
