3278 5206
687 458 904 520 ,77-

210 647 243 701 et
264 644 415 730 δυνάμεις,
441 659 524 723 quas
547 637 581 701 in
597 635 691 700 Rhet.
710 634 763 699 16
787 635 906 720 partim
929 637 963 699 in
986 635 1085 700 rebus
1110 640 1253 702 externis
1274 638 1383 724 habet,

211 766 277 809 non
305 743 410 809 solum
438 745 524 807 inter
551 751 593 812 τὰ
616 747 739 834 ψυχικά,
770 740 828 806 sed
854 743 951 805 etiam
975 743 1060 806 inter
1082 745 1220 809 virtutes
1245 768 1291 811 sc.
1316 747 1384 812 dia·

209 849 356 915 noeticae
379 871 552 914 numerare
576 848 746 936 probabile
763 845 855 932 est1)'.
896 847 958 914 Cui
974 853 1155 915 sententiae
1172 848 1289 917 Cicero
1306 876 1385 940 quo·

211 980 275 1044 que
297 957 464 1044 plerisque
488 954 570 1022 locis
601 979 637 1020 se
661 956 794 1021 addicit.
843 953 893 1019 Of.
919 956 1077 1041 imprimis
1102 957 1143 1021 de
1168 959 1384 1044 orat‚1184,

211 1065 291 1146 343,
314 1073 396 1150 part.
427 1086 471 1129 or.
503 1063 555 1146 10,
579 1063 637 1145 35,
664 1063 717 1145 23,
742 1053 802 1129 80.-
842 1063 915 1126 Hoc
946 1074 1054 1127 autem
1077 1062 1161 1147 loco,
1199 1088 1297 1151 quem
1326 1090 1385 1153 po·

212 1180 371 1236 suemum
398 1170 550 1256 allegavi,
579 1170 714 1256 reliquis
742 1168 918 1233 virtutibus
942 1172 1084 1255 peractis
1114 1172 1213 1236 etiam
1236 1173 1291 1237 alii
1315 1177 1385 1260 qui·

212 1277 287 1341 dam
314 1280 413 1341 animi
440 1275 571 1341 habitus
599 1276 642 1340 ad
666 1277 819 1340 virtutem
844 1278 938 1361 quasi
961 1275 1121 1362 praeculti
1145 1289 1177 1342 et
1199 1284 1384 1366 praeparati

146 1465 150 1473 .
210 1386 310 1448 rectis
335 1384 451 1448 studiis
476 1392 508 1447 et
531 1382 654 1447 artibus
679 1382 825 1446 breviter
845 1392 1034 1449 tractantur.
1074 1384 1125 1448 Ac
1143 1384 1184 1448 de
1200 1385 1386 1471 eloquentia

211 1491 353 1575 quidem,
378 1512 477 1576 quam
492 1488 688 1554 Aristoteles
708 1488 869 1553 1362522
894 1490 928 1553 in
951 1489 1046 1554 bonis
1064 1494 1208 1556 externis
1226 1490 1325 1576 ducit,
1342 1493 1385 1561 ef.

210 1597 382 1662 Merchant
403 1620 435 1683 p.
460 1597 514 1679 57,
539 1594 634 1660 Kroll
656 1619 687 1682 p.
712 1595 788 1678 558,
813 1595 888 1678 580,
914 1596 978 1660 587
988 1599 1009 1675 ³,
1034 1597 1111 1662 594.

316 1723 410 1787 Bona
434 1731 591 1785 extranea
607 1718 803 1786 Aristoteles
827 1718 881 1784 vel
897 1719 952 1785 alii
967 1720 1177 1807 Peripatetici
1195 1734 1386 1790 enumerant

211 1851 238 1893 e.
274 1852 305 1914 g.
343 1829 439 1892 etiam
472 1827 542 1893 Pol.
576 1828 750 1910 12832163
785 1826 961 1908 1291528,
995 1827 1172 1912 1296518,
1208 1831 1385 1910 1317539,

213 1934 390 2017 1323537,
426 1934 501 2000 Eth.
534 1934 619 1999 Eud.
658 1933 815 2015 121458,
854 1933 1031 2016 1249310,
1067 1935 1112 2001 Μ.
1148 1936 1192 2003 Μ.
1230 1938 1386 2021 118453,

212 2042 386 2121 1207530,
418 2041 537 2128 quibus
569 2063 689 2105 novem
716 2038 798 2105 locis
826 2049 957 2121 πλοῦτος
985 2041 1147 2125 omnibus,
1177 2048 1311 2133 εὐγένεια
1333 2043 1387 2108 vel

210 2157 298 2236 γένος
320 2150 351 2231 5,
376 2153 453 2240 ἀρχή
477 2147 529 2211 vel
552 2153 679 2238 δύναμις
701 2148 732 2224 4,
757 2154 878 2216 παιδεία
902 2149 933 2227 4,
956 2155 1030 2239 τιμή
1054 2149 1086 2227 3,
1109 2153 1189 2230 δόξα
1206 2151 1236 2232 3,
1262 2156 1386 2220 ἐλευοε·

212 2262 261 2346 ρία
277 2256 297 2319 2
322 2258 472 2321 occurrit.
513 2254 563 2320 Of.
583 2254 673 2319 Stob.
690 2253 725 2317 ΙΙ
744 2255 818 2336 129,
837 2253 953 2320 15W.:
980 2258 1122 2346 εὐγένεια,
1140 2263 1282 2342 πλοῦτος,
1297 2262 1386 2345 δόξα,

212 2367 319 2453 εἰρήνη,
344 2366 513 2454 ἐλευδερία,
539 2369 638 2454 φιλία,
665 2361 740 2440 136,
766 2361 857 2444 14ἳ);
883 2367 973 2443 ἐκτὸς
994 2369 1031 2430 δὲ
1053 2361 1188 2454 (ἀγαῦὰ)
1205 2367 1278 2433 εἶναι
1294 2372 1385 2435 πλοῦ·

210 2495 264 2537 τον
286 2475 338 2538 καὶ
360 2474 455 2550 δόξαν
477 2476 529 2538 καὶ
552 2475 703 2558 εὐγένειαν
726 2474 777 2537 καὶ
799 2475 980 2538 δυναστείαν
1003 2476 1056 2538 καὶ
1079 2477 1186 2563 φίλους
1209 2478 1261 2540 καὶ
1276 2499 1386 2563 συγγε-

210 2588 268 2657 νεῖς
296 2583 348 2646 καὶ
377 2585 516 2669 πατριδα,
551 2576 671 2663 quibus
702 2577 782 2642 locis
817 2577 858 2641 de
889 2577 1181 2664 Peripateticorum
1214 2578 1388 2666 disciplina

210 2686 325 2768 agitur.
370 2682 648 2768 Denique-velim
672 2683 825 2748 conferas
847 2690 1009 2776 διαιρέσεις
1035 2688 1051 2748 1
1079 2682 1136 2773 [5],
1162 2683 1244 2774 [565

317 2791 455 2854 Romani
483 2800 592 2854 autem
620 2790 680 2853 has
708 2813 762 2854 res
792 2799 945 2855 externas
975 2794 1008 2855 in
1037 2803 1218 2878 conspectu
1246 2805 1384 2879 ponunt:

335 2924 418 2977 auct.
443 2915 485 2977 ad
509 2915 549 2979 H.
575 2914 681 2994 1116,
708 2915 748 2979 10
800 2914 869 2980 Cic.
896 2915 936 2979 de
960 2918 1024 2982 inv.
1050 2916 1084 2980 H
1107 2916 1160 3001 59,
1184 2915 1279 3003 1772)

476 3043 575 3103 peaes
960 3024 1057 3089 lioaos

477 3128 618 3194 educatio
774 3168 777 3220 )
954 3133 1095 3210 pecunia

477 3236 608 3299 diuitiae
960 3236 1112 3318 adfinitas

471 3345 612 3420 potestas
774 3282 777 3377 l
960 3364 1058 3424 peaes

353 3483 358 3492 ·
476 3447 597 3528 ptoriae
774 3468 777 3601 )
960 3452 1056 3514 amici

339 3590 342 3595 -
476 3554 588 3617 civitas
955 3558 1067 3634 patria

476 3660 637 3723 amicitiae
774 3604 777 3758 )
953 3665 1097 3742 potentia

212 3778 261 3846 Of,
286 3792 457 3867 praeterea
481 3782 521 3846 de
548 3784 614 3847 inv.
640 3783 657 3846 I
682 3784 733 3865 16,
759 3783 801 3846 22
827 3780 989 3867 (similiter
1012 3796 1097 3850 auct.
1121 3786 1164 3849 ad
1186 3787 1228 3851 H.
1254 3787 1270 3850 Ι
1294 3787 1323 3867 5,
1342 3787 1385 3871 8),

210 3887 321 3971 1152,
349 3887 411 3952 157
425 3911 508 3975 sqq.‚
541 3888 597 3952 ubi
627 3892 760 3975 saepius
785 3888 871 3953 bona
896 3898 1031 3953 externa
1055 3890 1248 3974 digeruntur
1272 3893 1387 3979 (supra

211 4016 243 4079 p.
269 3994 353 4078 725),
387 4006 469 4080 part.
507 4017 552 4059 or.
585 3995 636 4078 10,
661 3996 719 4060 35:
749 4016 858 4077 perias,
883 3997 1052 4084 amicitiae,
1077 3995 1179 4079 liberi,
1199 4001 1385 4080 propinqui,

315 4205 337 4273 1)
357 4205 392 4258 ef.
411 4205 500 4259 Zellsr
520 4205 549 4258 II
568 4205 603 4257 2Ι
620 4224 647 4275 p.
667 4204 746 4259 649².

316 4295 336 4362 ²)
356 4293 444 4347 Valde
464 4294 588 4349 notabile
608 4297 659 4361 ast,
679 4295 754 4363 quod
773 4295 847 4363 apud
866 4293 1118 4364 8551361477.
1139 4296 1169 4348 et
1188 4294 1262 4364 apud
1277 4292 1332 4349 Oia.
1351 4296 1385 4349 de

208 4380 264 4435 inv.
284 4381 373 4451 1169,
394 4383 444 4435 177
470 4384 506 4454 (v.
526 4387 619 4453 supra)
646 4384 758 4438 omnino
778 4384 876 4437 eadem
895 4385 1005 4452 septem
1023 4385 1097 4438 bona
1117 4384 1236 4450 exstant,
1259 4382 1321 4437 fere
1340 4400 1385 4438 ea·

209 4470 274 4523 dem
292 4471 367 4540 apud
386 4479 530 4526 auctorem
549 4473 586 4525 ad
604 4473 640 4527 H.
659 4472 705 4526 ΙΙΙ
725 4473 750 4540 6,
770 4473 813 4527 10.
