3278 5206
676 437 898 500 ..57-

199 620 350 708 ἀκριβέως
374 619 470 695 εἰδώς,
501 609 572 683 ἀλλ’
597 622 638 693 ὡς
661 619 798 706 οἰόμενος
824 622 877 684 καὶ
900 610 1042 696 ἆκακοὼς
1065 623 1142 708 λέγη
1268 626 1299 688 ἐν
1323 619 1378 710 μὲν

198 729 364 814 προοιμίοις
385 733 488 790 ταῦτα
510 728 642 812 χρήσιμα
665 726 716 801 εἰς
739 727 941 790 ἐπιείκειαν
965 726 1036 791 ἕντι.
1076 689 1173 804 Qubd
1193 747 1272 790 vero
1293 727 1376 791 haec

200 836 377 915 praecepta
399 831 434 891 in
457 829 623 913 prooemio
649 837 789 911 exstant,
820 850 886 892 non
909 830 1054 895 interest.
1102 831 1250 916 Namque
1276 856 1376 918 quan·

200 938 269 999 tum
299 936 456 999 momenti
482 936 600 1020 papyri
628 945 741 999 auctor
770 937 879 1002 etiam,
898 938 1076 1001 narrationi
1105 960 1147 1002 ex
1174 948 1320 1025 tempore
1345 950 1377 1005 et

201 1044 272 1106 sine
304 1043 426 1128 scripto
455 1041 585 1105 habitae
613 1040 668 1105 vei
697 1063 781 1127 quae
811 1041 884 1106 talis
916 1065 991 1107 esse
1015 1026 1166 1108 videatur
1194 1046 1377 1110 attribuerit

200 1171 241 1212 ex
264 1171 316 1213 vv.
344 1149 408 1212 114
421 1171 470 1233 sq.
496 1149 654 1233 cognosci
676 1157 785 1233 potest
798 1149 836 1230 ¹):
867 1156 964 1218 κοινὸν
989 1157 1025 1218 δέ
1054 1148 1132 1237 [ἐστι
1154 1150 1235 1238 ποσὶ]
1264 1159 1376 1223 naba*

199 1252 360 1342 νότητ[α
397 1266 510 1324 τοῦτο·
548 1252 618 1340 oiim
657 1263 716 1345 γὰρ
757 1263 797 1346 μὴ
839 1253 1150 1349 ἐπιβε[βω]λεύκημεν
1183 1259 1238 1342 (cf.
1274 1259 1373 1325 Arist.

199 1361 239 1426 lc.
267 1359 390 1426 1404b
416 1360 482 1445 20),
516 1361 586 1431 ἀλλ’
610 1367 921 1454 αὐτοσχεδιάζειν
945 1370 982 1431 τὸ
1007 1369 1226 1434 ἐπιλελᾶσθαι·
1252 1370 1375 1435 ἔστιδὲ

200 1474 260 1538 ὅκα
281 1476 323 1537 τὰ
344 1480 477 1536 τοιαῦτα
499 1468 695 1552 ποτιποιέοῗ).

306 1574 391 1639 Item
426 1574 513 1660 apud
549 1584 715 1638 auctorem
744 1574 786 1638 ad
815 1575 855 1638 H.
891 1584 924 1638 et
957 1574 1151 1640 Ciceronem
1186 1576 1375 1663 frequenter

200 1683 301 1746 oratio
325 1684 421 1745 nimis
446 1682 611 1767 apparatis
635 1680 745 1744 verbis
764 1684 945 1766 composita
960 1692 995 1746 ut
1012 1684 1197 1767 suspiciosa
1221 1694 1252 1748 et
1275 1684 1373 1749 fidem

199 1787 363 1872 abrogans
380 1798 520 1853 vetatur:
538 1788 580 1852 cf.
598 1799 682 1852 auct.
700 1788 742 1851 ad
759 1788 800 1852 H.
818 1788 835 1851 I
852 1789 926 1870 7,11
945 1819 979 1843 =
996 1789 1064 1853 Cic.
1084 1789 1125 1853 de
1141 1791 1206 1855 inv.
1225 1791 1242 1855 Ι
1259 1791 1374 1874 18‚25;

200 1904 284 1960 auct.
311 1894 353 1958 ad
376 1895 417 1959 H.
443 1894 589 1976 110,17;
616 1895 770 1972 1130,47
797 1925 828 1949 =-·
855 1893 923 1960 Cic.
948 1895 964 1958 I
987 1896 1105 1976 52‚98;
1131 1896 1199 1965 Cic.
1223 1907 1305 1983 part.
1327 1920 1375 1962 or.

199 2001 356 2083 6‚19;0f.
381 2002 471 2066 Brut.
497 2002 627 2076 37,139.
662 2002 755 2065 Haec
783 2000 892 2080 habui,
928 2024 1012 2086 quac
1041 2010 1107 2093 περὶ
1129 2006 1225 2087 ἤθους
1249 2005 1295 2088 (et
1318 2011 1374 2072 aci·

200 2108 288 2194 ὓοος)
312 2108 465 2172 dicerem.

305 2215 376 2278 Nec
392 2224 501 2278 tamen
517 2214 759 2300 neglegendum
776 2223 826 2278 est
841 2214 1038 2300 perfidum3)
1062 2214 1142 2279 illud
1158 2216 1372 2279 Anaximenis

201 2321 274 2401 73‚1
301 2319 356 2406 (cf.
383 2322 485 2407 92‚1):
510 2326 569 2390 ὅσα
591 2329 627 2390 δὲ
651 2327 687 2388 ἀν
711 2328 779 2389 λίαν
803 2324 917 2389 ἄπιστα
932 2326 1095 2415 συμβαίνῃ,
1119 2329 1169 2390 bai
1180 2329 1373 2413 asportatam

200 2431 296 2492 etiam
324 2427 413 2514 apud
437 2426 630 2492 Ciceronem
656 2428 697 2491 de
721 2430 785 2492 inv.
811 2427 827 2490 Ι
852 2427 951 2506 21,30
982 2439 1014 2491 et
1038 2428 1078 2493 de
1107 2439 1185 2493 orat.
1209 2429 1226 2492 I
1250 2429 1373 2510 81,330

199 2535 253 2618 (cf.
277 2547 359 2621 part.
385 2557 430 2599 or.
456 2533 592 2618 35‚121)
618 2534 679 2598 sub
704 2537 898 2598 narrationis
922 2538 1106 2621 praeceptis
1131 2535 1260 2619 tradi4).

287 2642 458 2708 Postremo
499 2641 696 2706 monendum
734 2663 810 2705 esse
849 2641 978 2704 videtur
1016 2641 1229 2706 Theodoreos
1269 2640 1372 2707 solam

198 2747 460 2834 probabilitatem
493 2771 552 2834 pro
580 2749 769 2813 necessaria
800 2749 994 2811 narrationis
1023 2749 1141 2812 virtute
1169 2747 1376 2833 habuisse⁶)‚

199 2865 325 2920 ceteras
361 2865 471 2941 partes
500 2854 541 2917 ab
570 2854 642 2918 aliis
673 2855 851 2918 narrationi
887 2852 1053 2917 subiectas
1083 2857 1181 2919 totius
1217 2856 1373 2919 orationis

199 2983 389 3026 communes
419 2984 494 3026 esse
525 2961 720 3026 affirmasse.
774 2961 882 3046 Atque
913 2960 966 3024 alii
1001 2982 1131 3046 quoque
1164 2963 1373 3047 scriptores⁶)

196 3069 391 3132 narrationis
423 3078 600 3154 praecepta
630 3089 690 3154 per
722 3077 821 3131 totam
858 3070 1039 3132 orationem
1075 3067 1261 3132 adhibenda
1297 3090 1373 3133 esse

197 3183 388 3256 statuerunt,
419 3197 615 3261 quamquam
649 3197 689 3238 ea
716 3175 871 3239 narrandi
901 3177 1006 3259 magis
1035 3177 1168 3260 propria
1193 3197 1268 3239 esse
1297 3198 1373 3239 cen-

197 3291 342 3363 suerunt,
372 3291 510 3368 excepto
540 3279 700 3345 Cicerone
729 3281 908 3365 (Antonio),
945 3281 1071 3366 quide
1102 3291 1180 3346 orat.
1210 3281 1244 3345 II
1274 3282 1371 3363 19‚83

197 3390 391 3452 contrariam
416 3389 611 3451 sententiam
634 3385 772 3472 profert:
803 3389 885 3468 quod
908 3388 984 3452 boec
1007 3385 1067 3471 (sc.
1092 3389 1154 3450 tria
1177 3388 1369 3472 praecepta)

303 3564 323 3631 ¹)
342 3561 549 3615 Sententiarum
580 3563 728 3616 contextus
759 3579 814 3615 non
841 3578 955 3631 prorsus
988 3561 1125 3614 dilucidus
1154 3564 1204 3628 est,
1237 3562 1369 3628 quoniam

195 3655 279 3706 antea
297 3651 432 3706 nonnulla
452 3651 624 3704 exciderunt.

303 3741 324 3805 ¹)
339 3741 488 3794 Auctorem
501 3740 547 3793 hic
560 3739 595 3793 de
609 3740 768 3793 narratione
783 3739 858 3806 loqui
874 3756 908 3791 ex
921 3739 1048 3791 versibus
1063 3738 1312 3806 15‚80,83p1anum
1325 3739 1366 3793 fit.

303 3820 405 3899 ⁹)Alia
424 3845 494 3897 quae
513 3829 542 3881 in
560 3831 656 3882 nostra
673 3828 814 3881 rhetorica
839 3827 1069 3881 commendantur
1088 3827 1206 3880 artificia
1229 3830 1322 3880 astuta
1341 3830 1370 3880 et

192 3919 381 3986 fraudulenta,
401 3918 515 3986 collegit
533 3917 686 3986 Ipfelkofer
705 3936 732 3986 p.
752 3917 795 3972 24.

299 4009 322 4073 ⁴)
341 4006 376 4060 cf.
400 4009 548 4075 praeterea
571 4023 651 4060 anon.
672 4006 734 4074 Sag.
758 4007 827 4072 §45
847 4010 876 4059 et
897 4005 947 4058 108
970 4008 1000 4060 at
1022 4005 1100 4057 illum
1118 4004 1368 4059 luculentissimum

194 4096 329 4150 librorum
350 4096 383 4148 de
403 4096 513 4148 oratore
532 4095 624 4148 locum
643 4095 670 4147 II
689 4094 795 4162 72394,
819 4095 868 4147 ubi
891 4094 1055 4164 praeteritio
1078 4111 1171 4147 rorum
1189 4093 1371 4147 molestarum

195 4184 224 4238 in
243 4184 486 4253 argumentatione
507 4183 542 4236 ab
563 4184 684 4237 Antonio
704 4184 846 4238 suadetur.

302 4273 324 4341 Β)
343 4272 377 4326 cf.
398 4289 480 4326 anon.
501 4273 563 4340 Sag.
584 4276 599 4338 ξ
620 4272 679 4339 103,
699 4272 804 4326 Sohanz
822 4290 849 4340 p.
869 4272 912 4325 49.
953 4321 956 4326 .

301 4362 322 4425 ⁶)
344 4362 399 4416 Cic.
419 4363 454 4415 do
473 4364 542 4416 orat.
562 4360 591 4414 11
611 4361 702 4429 19‚83;
721 4360 831 4428 80,329;
844 4364 915 4430 part.
930 4378 968 4415 or.
981 4360 1056 4430 9‚31;
1074 4368 1132 4429 top.
1148 4359 1239 4426 26,97;
1255 4359 1369 4427 Dionys.

193 4452 228 4506 do
246 4451 390 4506 Demosth.
410 4451 507 4514 205‚13
527 4469 567 4518 sq.

1153 4538 1186 4592 ὃ*
