3278 5206
309 1329 488 1412 Postquam
517 1325 617 1390 altero
651 1327 802 1389 examine
831 1324 1025 1409 perfunctus
1058 1326 1227 1408 negotium
1258 1324 1379 1390 disser-

202 1437 332 1500 tationis
368 1433 583 1517 corrigendae
613 1432 770 1518 preloque
805 1430 932 1495 dandae
967 1431 1042 1513 adii,
1076 1430 1234 1516 opusculo
1263 1434 1380 1496 iterum

201 1541 347 1628 perlecto
379 1539 467 1604 aliud
497 1527 582 1603 sane
606 1538 684 1602 mihi
707 1538 946 1623 perficiendum
971 1538 1086 1621 fuisse,
1116 1537 1205 1602 aliud
1228 1561 1281 1602 me
1304 1560 1378 1625 per·

202 1649 323 1712 fecisse
357 1648 457 1711 sensi.
508 1647 659 1730 Namque
694 1644 857 1709 rhetorica
893 1644 1012 1731 quibus
1041 1666 1059 1707 a
1086 1646 1259 1730 principiis
1296 1655 1376 1727 orta,

203 1754 365 1839 quomodo
389 1752 606 1834 adolesceret,
636 1753 680 1815 ita
708 1761 744 1815 ut
773 1760 886 1838 quarto
918 1750 1050 1816 saeculo
1079 1750 1208 1836 vulgari
1236 1752 1378 1839 quadam

202 1884 317 1926 norma
341 1859 642 1946 comprenderetur,
668 1881 831 1944 quemque
855 1859 896 1923 ad
923 1867 1043 1922 statum
1059 1857 1100 1922 ab
1117 1859 1297 1924 Aristotele
1321 1860 1377 1924 ad·

203 1970 386 2049 duceretur,
413 1990 487 2031 cum
503 1965 829 2051 Wendlandius¹)
854 1965 964 2030 multis
988 1967 1021 2029 in
1045 1965 1144 2030 rebus
1167 1969 1300 2050 egregie
1324 1989 1380 2030 ex·

202 2075 379 2161 plenasset,
414 2073 566 2159 equidem
596 2075 692 2137 enixe
720 2074 874 2158 persequi
903 2072 1076 2154 debebam,
1107 2073 1225 2158 quibus
1248 2075 1283 2138 in
1306 2096 1379 2158 par·

201 2182 289 2246 tibus
316 2204 375 2266 per
400 2179 606 2244 saeculorum
631 2202 764 2243 cursum
790 2201 976 2264 progressa,
1008 2179 1113 2264 qualis
1138 2178 1181 2242 ad
1206 2178 1377 2244 Ciceronis

202 2297 342 2352 aetatem
359 2295 577 2373 permanaret,
602 2288 622 2350 i.
641 2309 668 2351 e.
688 2308 771 2371 quae
787 2286 934 2350 membra
951 2287 1128 2371 antiquitus
1145 2286 1263 2350 tradita
1280 2289 1377 2350 etiam

202 2396 343 2481 posteris
375 2393 578 2479 temporibus
617 2395 686 2456 sive
722 2394 850 2476 integra
885 2394 956 2456 sive
990 2391 1159 2476 paululum
1191 2401 1314 2457 mutata
1346 2401 1378 2456 et
1485 2443 1487 2447 ,

202 2513 297 2565 aucta
326 2511 546 2578 conservaret,
580 2521 730 2585 quaeque
758 2498 1039 2584 philosophorum,
1068 2502 1228 2585 imprimis
1253 2500 1377 2564 Stoico·

201 2609 307 2692 rum‘2)
332 2630 373 2671 ex
397 2607 538 2672 officinis
562 2607 760 2685 adsumeret,
786 2606 927 2690 denique
953 2629 1037 2691 quae
1060 2629 1146 2670 nova
1166 2630 1226 2692 per
1241 2608 1376 2671 Herma·

201 2738 314 2800 goram
338 2721 477 2783 ordesos
499 2716 714 2795 inventorem,
739 2735 835 2798 quem
853 2712 974 2795 dicunt,
999 2715 1169 2798 reciperet.
1216 2713 1269 2778 Sic
1290 2716 1376 2777 enim

203 2822 371 2885 doctrinae
394 2821 578 2884 rhetoricae
603 2821 745 2904 cognitio
769 2819 931 2905 proficere
955 2829 1091 2905 poterat.

311 2928 466 2992 Attamen
490 2926 531 2991 ab
556 2927 618 2990 hac
635 2925 724 2991 calce
748 2925 846 3011 longe
871 2949 922 2990 me
948 2925 1078 3008 abesse,
1102 2926 1191 2991 haud
1213 2927 1377 3011 ignoross).

201 3034 345 3099 Maxime
379 3044 488 3099 autem
515 3033 629 3116 doleo,
665 3033 754 3119 quod
782 3033 1011 3120 philosophiae
1050 3034 1192 3098 studium
1228 3036 1376 3120 primori-

202 3143 263 3206 bus
288 3150 413 3206 tantum
437 3141 538 3205 labris
563 3143 662 3226 attigi.
712 3140 785 3220 Quo
809 3140 923 3204 relicto
941 3143 969 3204 si
987 3143 1059 3226 quis
1082 3162 1288 3205 communem
1314 3141 1377 3205 sibi

202 3249 398 3312 rhetoricam
414 3248 564 3311 Latinam
585 3250 716 3333 penitus
741 3249 897 3331 cognosci
913 3270 1014 3333 posse
1039 3249 1284 3325 existimaverit,
1310 3269 1377 3311 me·

203 3356 275 3419 dius
292 3355 391 3419 fidius
410 3377 508 3440 qnam
525 3354 621 3419 valde
645 3354 780 3419 fallitur!
806 3355 883 3441 Ipse
907 3356 993 3417 enim
1015 3353 1264 3418 fundamentum
1280 3354 1377 3417 huius

203 3463 484 3526 commentationis
508 3471 642 3547 propter
666 3462 893 3547 philosophiae
921 3462 1126 3524 inscientiam
1150 3483 1256 3524 meam
1279 3463 1377 3524 inter-

204 3570 280 3632 dum
308 3567 464 3633 vacillare
493 3571 526 3632 in
561 3568 631 3632 dies
661 3571 764 3652 magis
793 3577 949 3654 expertus
979 3590 1067 3650 sum3
1103 3589 1165 3630 nec
1198 3590 1263 3631 uno
1292 3567 1375 3645 loco,

311 3783 331 3844 ¹)
351 3780 539 3834 Anaximenes
563 3799 618 3834 von
641 3781 819 3849 Lampsacus,
849 3779 965 3832 Studien
994 3797 1041 3831 zur
1064 3779 1186 3832 tltesten
1210 3777 1375 3831 Goschichte

203 3870 252 3922 der
272 3868 417 3936 Rhetorilr,
437 3870 532 3922 Berlin
553 3869 631 3924 1905.

310 3958 330 4022 ’J
350 3958 373 4010 A
388 3957 487 4012 Stoicis
501 3958 667 4012 artificiosae
686 3959 750 4012 illae
763 3958 928 4026 partitiones
941 3958 1073 4012 inventae
1087 3961 1159 4010 sunt.
1173 3956 1208 4010 cf.
1223 3954 1376 4009 Striller:

204 4047 244 4100 De
269 4046 425 4100 Stoicorum
453 4047 553 4100 studiis
581 4047 741 4113 rhetoricis,
772 4047 858 4100 Bresl.
883 4047 950 4115 phil.
975 4047 1045 4100 Abh.
1073 4046 1151 4115 1886,
1179 4046 1194 4099 Ι
1217 4046 1246 4112 2;
1275 4044 1377 4097 Volk-

202 4153 299 4188 mann
311 4136 333 4187 ²:
352 4136 405 4189 Die
424 4136 560 4189 Rhetorilr
578 4137 627 4190 der
648 4136 786 4190 Griechen
805 4137 862 4189 und
882 4136 991 4198 Romen,
1011 4137 1132 4204 Leipzig,
1153 4134 1232 4201 1885,
1251 4153 1277 4203 p.
1298 4134 1323 4186 9.

310 4224 329 4293 ³)
349 4224 455 4278 Iniuria
483 4242 591 4293 quoque
625 4243 835 4293 nonnumquam
863 4244 879 4278 a
906 4226 952 4278 via
981 4225 1120 4292 historica,
1150 4226 1181 4277 ut
1208 4225 1249 4278 ita
1277 4224 1377 4289 dicam,

202 4313 344 4377 aberrans,
373 4315 485 4382 quando
515 4315 685 4368 commodius
708 4315 863 4384 videbatur,
892 4315 1003 4369 initium
1027 4314 1189 4383 disputandi
1213 4318 1243 4367 et
1266 4330 1376 4381 eompa-

201 4403 282 4465 randi
302 4419 318 4455 a
337 4402 443 4456 Latinis
463 4403 533 4471 cepi.
