3278 5206
768 423 983 488 --98-

286 605 413 669 definit:
437 604 616 687 iadipnatia
640 606 686 666 est
709 603 820 682 oratio,
843 622 899 683 per
915 621 1009 680 queam
1026 601 1201 682 coniicitur,
1225 606 1259 665 nt
1275 602 1310 664 in
1326 601 1463 681 aliquem

285 714 442 778 lorninem
477 730 628 792 mapnnm
660 709 767 773 odiam
805 714 862 773 ant
899 710 934 772 in
972 729 1038 772 rem
1072 710 1181 790 praeis
1220 707 1349 788 offensio
1392 728 1462 774 een-

288 817 443 900 atteiam).

393 923 486 1004 Quae
516 946 590 986 cum
620 924 665 987 ita
694 924 767 1004 sint,
803 922 937 985 Latinos
972 920 1225 1007 amplificatione
1255 920 1297 985 ad
1325 922 1462 984 affectus

286 1030 527 1116 permovendos
562 1051 642 1093 usos
678 1051 752 1093 esse
788 1037 886 1114 patet.
945 1027 1054 1113 Atque
1089 1030 1123 1090 in
1159 1027 1386 1113 partitionibus
1417 1050 1462 1091 or.

287 1136 383 1219 tam
397 1160 445 1222 sq.
471 1138 526 1220 (cf.
544 1137 678 1219 earm)
703 1135 820 1201 Cicero
845 1135 907 1199 sibi
932 1143 1120 1199 constanter
1143 1134 1307 1220 epilogum
1332 1137 1462 1199 omnino

285 1246 319 1307 in
343 1243 426 1309 duas
449 1254 559 1329 partes
585 1244 755 1320 contraxit,
787 1264 905 1329 nempe
929 1243 963 1305 in
988 1243 1268 1306 enumerationem
1293 1250 1325 1305 et
1348 1242 1462 1326 ampli-

285 1351 481 1418 ficationem.
540 1349 608 1415 Sed
643 1349 727 1414 hanc
762 1351 976 1434 posteriorem
1013 1371 1118 1434 paene
1151 1358 1251 1412 totam
1287 1348 1330 1412 ad
1365 1350 1464 1412 animi

288 1466 394 1521 motus
436 1457 627 1522 excitandos
662 1458 826 1542 pertinere
860 1455 945 1537 vult,
975 1478 1038 1541 quo
1070 1456 1232 1519 evincitur
1267 1453 1462 1519 Ciceronem

286 1566 320 1627 in
356 1563 419 1628 hoc
454 1586 534 1628 sane
568 1562 678 1628 libello
715 1585 791 1626 cum
830 1562 1005 1626 Isocrateis
1045 1562 1165 1629 facere.
1226 1560 1335 1641 Quid?
1375 1561 1463 1647 quod

284 1679 367 1755 part.
398 1692 444 1734 or.
477 1671 575 1752 27,96
600 1668 656 1754 (cf.
682 1670 791 1753 ttae)
815 1671 849 1732 in
876 1691 998 1755 genere
1030 1668 1243 1733 deliberativo
1270 1667 1352 1732 nihil
1375 1668 1464 1732 alind

284 1779 483 1862 perorationi
529 1777 674 1841 attribuit
718 1779 781 1840 nisi
828 1776 1030 1840 audientium
1078 1778 1202 1840 animos
1247 1775 1461 1855 inflammare,

284 1884 498 1968 restinguere,
521 1888 718 1969 quocunque
734 1883 831 1947 modo
849 1904 1067 1964 commovere,
1090 1882 1178 1967 quod
1195 1883 1326 1968 quidem
1343 1903 1461 1945 munus

283 1998 393 2052 tamen
417 1990 593 2074 augendo
617 1992 824 2076 potissimum
850 1988 938 2052 effici
961 1998 1061 2074 putat.
1102 1988 1248 2052 Similem
1266 1990 1462 2052 sententiam

285 2095 326 2159 de
351 2104 430 2159 orat.
455 2096 491 2161 II
516 2096 652 2178 81‚332;
683 2105 762 2160 orat.
787 2096 919 2177 earm,
949 2105 1014 2181 top.
1040 2096 1172 2177 26‚98²)
1198 2095 1380 2181 sequitur3)
1404 2093 1461 2178 (cf.

285 2204 382 2265 etiam
406 2211 488 2288 part.
515 2225 560 2266 or.
586 2203 617 2284 5,
645 2203 695 2284 14,
722 2203 787 2286 15).

391 2329 455 2392 Hic
484 2337 592 2390 autem
616 2328 780 2411 insignem
804 2326 967 2411 quendam
995 2326 1165 2391 Ciceronis
1189 2325 1310 2408 locum)
1340 2347 1404 2412 quo
1430 2335 1461 2389 et

283 2433 420 2496 affectus
457 2442 489 2496 et
522 2432 676 2497 laudandi
710 2433 983 2518 vituperandique
1014 2435 1095 2496 ratio
1124 2431 1220 2517 plane
1252 2434 1294 2497 ad
1323 2433 1460 2519 amplifi-

284 2541 445 2603 cationem
480 2539 626 2620 trahitur,
661 2548 763 2603 totum
798 2539 869 2603 fere
903 2539 1080 2625 decerpere
1112 2541 1203 2603 iuvat
1231 2539 1272 2603 de
1305 2549 1384 2604 orat.
1409 2540 1462 2603 III

285 2645 486 2726 uetat-5:
523 2645 655 2712 Sancum
688 2654 794 2712 antem
822 2647 893 2711 lans
923 2648 1117 2728 eloquentiae
1143 2653 1188 2712 est
1216 2647 1462 2728 amplificare

283 2772 349 2817 rem
372 2756 530 2837 ornand03
557 2793 640 2818 ..·.
688 2754 733 2818 Id
757 2755 955 2819 desideratae
978 2756 1124 2820 omnibns
1147 2757 1189 2818 iis
1211 2757 1247 2818 in
1270 2753 1355 2831 laria,
1385 2774 1461 2834 qnos

284 2860 328 2924 ad
350 2861 444 2940 {idem
468 2863 622 2925 arationis
645 2861 830 2942 faciendam
854 2861 998 2925 adhiberi
1021 2861 1104 2925 dimit
1126 2861 1297 2941 Antoniae,
1321 2861 1368 2925 ael
1391 2882 1461 2925 cnm

284 2967 491 3044 explanamus
525 2967 648 3046 aliquid
682 2967 714 3050 (i.
752 2988 779 3031 e.
810 2967 1029 3058 συλλογισμός)
1067 2967 1115 3031 ael
1149 2988 1234 3032 anm.
1257 2968 1461 3032 conciliamus

284 3071 316 3153 (i.
343 3092 370 3134 e.
395 3072 488 3154 ἦθος)
512 3074 558 3136 eel
581 3094 651 3136 enm
675 3076 869 3139 concitamus
893 3073 924 3154 (i.
950 3096 977 3139 e.
1002 3072 1159 3157 πάθοςᾘ).
1207 3077 1226 3151 ξ
1254 3073 1316 3137 105
1341 3072 1403 3139 Sea
1425 3076 1460 3137 in

284 3177 340 3241 loe
360 3178 442 3258 qnod
454 3183 648 3260 postremam
665 3180 743 3259 diei,
768 3181 1028 3261 amplificatio
1042 3184 1143 3261 potest
1152 3182 1344 3273 plurimam&
1364 3200 1461 3261 eaque

282 3304 349 3347 nna
372 3284 444 3348 lans
466 3286 602 3349 aratoris
624 3290 669 3350 eet
696 3291 724 3349 et
741 3287 879 3366 propria
902 3289 1048 3350 manime.
1088 3285 1202 3351 Etiam
1224 3287 1328 3351 maior
1342 3293 1387 3352 est
1402 3287 1460 3351 illa

284 3391 506 3455 exercitatio
532 3439 617 3455 ....
642 3391 834 3455 laudandi
857 3398 890 3456 et
913 3393 1167 3473 aitnperaneli.
1207 3392 1300 3457 Nihil
1315 3400 1359 3457 eet
1375 3396 1460 3458 enim
1501 3400 1505 3409 '

282 3497 327 3558 ael
361 3499 613 3579 mapperandam
649 3503 678 3561 et
705 3498 966 3580 amplificandam
993 3502 1167 3564 arationem
1196 3500 1460 3564 accommodatius

286 3621 390 3681 qnam¹
404 3608 570 3684 atramque
592 3602 704 3668 lteram
728 3604 977 3670 enmnlatissime
999 3606 1104 3687 faeere
1120 3626 1221 3686 posse.

391 3725 562 3791 Postrema
590 3728 810 3793 conclusionis
839 3751 926 3812 pars,
958 3750 1056 3814 quam
1085 3726 1201 3795 Cicero
1229 3731 1263 3792 in
1293 3727 1385 3793 libris
1417 3730 1458 3793 de

283 3832 348 3896 inv.
378 3831 551 3898 155-56
587 3836 707 3914 statuit,
745 3855 842 3919 quam
871 3836 941 3918 ipse
972 3838 1271 3919 eonqnestionem
1304 3835 1456 3922 appellat,

391 4098 411 4161 1)
432 4097 490 4151 Nec
510 4099 606 4150 temen
624 4114 678 4149 vox
696 4095 915 4163 amplificationis
935 4097 1121 4165 desideratum
1141 4115 1166 4151 v.
1187 4099 1203 4168 ᾗ
1225 4098 1284 4152 100.

391 4186 412 4254 ²)
433 4186 488 4238 Sed
508 4186 559 4238 hoc
578 4185 638 4238 loco
653 4184 854 4252 perorationem
873 4190 898 4238 et
916 4185 973 4239 alia
992 4186 1124 4254 quaedam
1142 4186 1240 4241 habere
1259 4187 1349 4242 adicit,

392 4274 412 4338 ¹¹)
432 4292 457 4327 v.
476 4272 613 4326 Heinicke
631 4291 658 4340 p.
679 4273 739 4341 102,
759 4273 906 4327 Merohant
924 4292 950 4342 p.
969 4275 1012 4329 41.
1057 4314 1059 4319 Α

390 4364 411 4428 ⁴)
431 4360 472 4414 Do
497 4361 631 4415 divisione
654 4361 681 4414 in
708 4363 878 4430 συλλογισμόν,
902 4366 991 4428 πάθος,
1015 4367 1076 4434 ἦθος
1099 4364 1133 4418 al.
1155 4365 1297 4434 Spengelii
1316 4365 1455 4434 copiosam
1542 4436 1546 4443 Ι

282 4449 532 4502 enumerationem:
554 4450 623 4503 Abh.
644 4451 670 4504 d.
689 4450 770 4518 Bayr.
790 4451 838 4506 Ac.
858 4451 896 4504 VI
915 4453 992 4522 1852,
1011 4472 1040 4523 p.
1058 4453 1161 4521 481sq.
