3278 5206
710 431 929 494 ...44-

233 611 356 675 tionem
388 608 583 675 Aristoteles
620 629 802 693 agnoscere
837 607 967 672 videtur
1001 605 1056 682 (of.
1093 609 1253 694 imprimis
1291 608 1406 674 1415b

233 718 277 782 34
294 717 368 804 sq).

322 823 454 889 Deinde
487 823 574 909 quod
606 822 802 886 Aristoteles
841 844 906 887 non
946 823 1092 908 iniquum
1132 845 1207 887 esse
1239 824 1337 887 tradit
1375 826 1409 887 in

235 933 402 1017 prooemio
426 932 529 994 risum
553 931 707 1008 excitare,
734 929 796 994 hoc
821 928 969 994 similiter
997 929 1086 1015 apud
1109 938 1275 994 auctorem
1299 928 1342 994 ad
1364 930 1406 994 H.

236 1037 262 1120 I,
287 1037 365 1120 6,10
388 1066 422 1092 =
447 1037 512 1103 (lio.
539 1037 564 1118 Ι,
592 1034 688 1114 17,25
715 1046 830 1101 exstat.

341 1145 512 1209 Postremo
547 1144 667 1206 mirum
703 1152 763 1220 est,
799 1142 887 1226 quod
923 1152 955 1206 et
989 1141 1183 1208 Aristoteles
1220 1142 1408 1230 (praecipue

236 1250 348 1315 1415b
373 1252 404 1332 9,
434 1251 529 1314 Marx
563 1273 594 1336 p.
617 1249 696 1333 319)
725 1258 758 1313 et
788 1248 905 1314 Cicero
935 1249 1081 1334 (Antoni
1110 1250 1151 1315 de
1181 1260 1259 1316 orat.
1285 1250 1330 1332 Il,
1355 1251 1407 1331 79,

236 1358 302 1422 323
332 1379 389 1423 eos
418 1359 599 1443 increpant,
634 1358 689 1442 qui
718 1355 926 1437 docilitatem,
961 1359 1181 1439 attentionem,
1210 1357 1408 1422 benevolen-

234 1466 310 1527 tiam
334 1467 368 1528 in
392 1464 461 1529 solo
485 1465 664 1550 prooemio,
694 1485 759 1528 non
783 1464 817 1527 in
840 1473 906 1528 tota
930 1466 1075 1529 oratione
1107 1462 1308 1548 colligendas
1334 1485 1408 1528 esse

236 1574 418 1652 opinantur.
465 1570 519 1634 De
543 1570 605 1634 hac
630 1573 854 1655 congruentia,
880 1571 959 1656 quid
979 1571 1188 1636 statuendum
1204 1572 1255 1652 sit,
1279 1571 1407 1656 Anger·

235 1699 392 1742 mannum
429 1677 582 1742 consulas
619 1677 639 1741 l.
665 1700 692 1741 c.
729 1700 760 1763 p.
788 1679 819 1743 9.
871 1677 967 1743 Adde
1005 1679 1094 1765 quod
1127 1688 1241 1744 auctor
1277 1700 1406 1765 quoque

235 1783 278 1849 ad
302 1786 344 1850 H.
369 1786 386 1850 1
410 1787 485 1869 7,ss
510 1786 568 1850 lius
592 1791 656 1850 tres
678 1786 835 1850 utilitates
863 1808 928 1850 non
951 1789 984 1849 in
1008 1787 1176 1871 prooemio
1201 1784 1317 1866 solum,
1348 1785 1407 1849 sed

233 1892 268 1954 in
291 1900 364 1955 tota‘
381 1893 525 1956 oratione
550 1890 791 1976 comparandas
817 1913 892 1955 esse
917 1891 1021 1956 docet.

668 2160 721 2237 lte
749 2156 974 2237 narratione.

339 2350 541 2415 Narrationis
587 2350 839 2438 descriptionem
879 2350 1072 2415 Aristoteles
1112 2360 1145 2415 et
1182 2347 1406 2415 Anaximenes
1461 2408 1465 2415 .

211 2457 329 2543 plane
353 2458 621 2543 praetermittunt.
669 2458 825 2522 Definitio
849 2467 969 2539 autem,
995 2477 1078 2542 quae
1103 2457 1190 2543 apud
1212 2456 1406 2522 Ciceronem

233 2564 371 2646 lieu?
397 2573 429 2627 et
452 2574 619 2628 auctorem
644 2565 685 2629 ad
708 2565 751 2630 H.
775 2564 791 2628 Ι
815 2565 868 2646 3,4
904 2565 1082 2628 invenitur:
1118 2566 1261 2630 narratio
1292 2570 1337 2629 est
1359 2584 1405 2629 ne·
1510 2569 1513 2575 ’

230 2688 304 2734 rum
325 2677 485 2754 pestutum
512 2677 569 2736 unt
590 2679 626 2736 nt
650 2670 796 2756 (proinde
829 2677 874 2753 ut,
910 2679 994 2736 auct.
1020 2669 1062 2736 ed
1086 2670 1143 2755 H.)
1171 2678 1332 2754 pestutum
1356 2690 1406 2736 en·

229 2780 345 2859 positio
369 2779 499 2843 omnino
530 2780 925 2865 progymnasmaticorum
952 2776 1019 2860 fini,
1045 2780 1100 2864 qui
1123 2790 1179 2848 τοῦ
1202 2784 1404 2870 διηγήματος,

230 2906 296 2950 non
334 2891 501 2976 διηγήσεως
538 2895 588 2949 est
630 2883 848 2971 respondet1).
911 2884 1105 2972 Anonymus
1145 2884 1287 2970 denique
1327 2882 1404 2968 seg.

215 2991 249 3072 ’ξ
273 2991 404 3056 46-51
430 2989 473 3077 (p.
500 2992 598 3074 11,10
622 3014 694 3078 sqq.
720 2990 776 3076 G.)
801 2989 912 3078 plures
937 2990 1141 3057 definitiones
1165 2990 1311 3077 praebet.

337 3093 456 3183 Atque,
492 3106 528 3161 ut
562 3097 638 3161 inde
663 3097 780 3179 ordiar,
810 3096 1005 3163 Aristoteles
1029 3107 1061 3162 et
1090 3097 1314 3163 Anaximenes
1344 3095 1406 3162 sub
1455 3110 1458 3115 ’

230 3208 401 3294 διηγήσεως
425 3203 478 3268 vel
502 3209 692 3296 ἀπαγγελίας
715 3206 846 3270 nomine
871 3204 1002 3291 proprie
1027 3204 1208 3291 simplicem
1228 3207 1275 3267 rei
1291 3214 1404 3289 gestae

227 3311 469 3395 'expositionem
492 3309 694 3396 intellegunt.
724 3310 817 3376 ldem
840 3309 928 3375 valet
944 3310 1030 3398 apud
1046 3310 1192 3391 Latinos,
1210 3309 1405 3397 quibuscum

232 3438 415 3503 anonymus
440 3417 561 3503 Seg.²).
576 3419 713 3483 mirifice
738 3418 925 3497 concordat,
948 3441 1049 3483 unum
1074 3419 1172 3506 idque
1197 3420 1338 3505 primum
1363 3417 1404 3481 de

228 3523 333 3587 tribus
368 3525 523 3590 narrandi
556 3525 744 3610 generibus,
772 3548 855 3612 quae
879 3526 1096 3611 distinguunt:
1132 3536 1218 3594 auct.
1256 3525 1298 3590 ad
1322 3525 1362 3588 H.
1387 3525 1405 3589 Ι

218 3630 321 3711 .8,12:
357 3653 471 3696 unum
506 3639 550 3698 est
584 3654 655 3698 cnm
678 3637 862 3714 exponimus
883 3654 952 3698 rem
974 3640 1095 3716 pestem
1118 3640 1147 3698 et
1169 3633 1405 3714 unumquidque

229 3737 386 3803 teutsinus
407 3739 452 3803 ool
485 3739 654 3805 utilitatem
689 3746 829 3806 nostrum
864 3739 1009 3804 uincendi
1035 3760 1140 3819 conso,
1167 3742 1249 3821 quod
1265 3740 1405 3820 pertinet

228 3843 495 3927 colemannum,
519 3847 557 3911 de
579 3847 693 3930 quibus
715 3848 869 3912 indicium
893 3848 1040 3930 fintenum
1064 3852 1118 3913 est.
1164 3844 1232 3912 Oic.
1257 3842 1403 3927 Ilum:

336 4092 358 4161 ¹)
377 4090 412 4145 cf.
433 4090 587 4146 Volkmann
615 4108 643 4161 p.
663 4091 726 4156 1503
756 4091 860 4161 'Phiela
889 4095 997 4161 quaest.
1026 4111 1053 4162 p.
1075 4091 1122 4159 283
1151 4093 1400 4146 Reitzenstein:

230 4178 447 4234 Hellenistisohe
466 4179 790 4248 Wundererntthlungsn,
810 4180 884 4250 Lips.
906 4180 975 4234 1906
993 4199 1020 4250 p.
1041 4181 1101 4234 153.

337 4269 357 4332 ¹)
377 4267 432 4322 Sed
450 4269 545 4322 nescio
564 4286 619 4338 que
638 4272 723 4338 pacto
741 4271 804 4323 tota
821 4270 891 4324 haec
910 4271 1050 4339 epitomae
1069 4286 1141 4339 pars,
1161 4287 1217 4339 qua
1230 4268 1325 4324 variae
1338 4287 1402 4323 nar·

228 4356 344 4410 rationis
372 4357 402 4410 in
430 4358 537 4426 species
565 4358 716 4413 divisiones
745 4360 931 4422 continentur,
955 4359 1064 4413 mendis
1083 4363 1181 4413 scatet.
1210 4359 1243 4414 cf.
1273 4359 1402 4414 Greeven

228 4462 255 4512 p.
274 4444 355 4500 XLV.
