3278 5206
750 443 969 508 -22..

267 631 375 710 οίμιον,
398 627 597 714 ἀπαγγελίαν,
622 626 795 714 βεβαίωσιν,
824 629 866 692 τὰ
888 629 960 712 πρὸς
982 627 1038 690 τὸν
1060 622 1309 691 ἀντίδαονοὶνο
1331 649 1447 715 προκα·

267 722 411 821 addebas,
442 734 587 820 ἐπίλογον
616 730 688 793 sire
719 734 932 820 παλιλλογίαν.
993 727 1086 808 Quas
1115 737 1227 814 partes
1261 727 1380 795 Cicero
1411 731 1447 794 in

266 835 362 900 libris
386 834 427 899 de
451 836 519 899 inv.
543 844 575 898 et
597 844 712 899 auctor
733 834 777 899 ad
791 835 834 900 Η.
858 837 1010 906 retinent,
1033 836 1099 898 nisi
1119 833 1206 919 quod
1228 845 1356 899 sextam
1371 845 1450 923 post

267 943 486 1009 narrationem
510 939 747 1020 collocandam,
777 943 830 1005 oui
859 962 981 1005 nomen
1005 951 1056 1005 est
1078 942 1246 1007 divisionis
1267 940 1322 1005 rel
1339 945 1448 1024 porti-

267 1051 366 1116 tiouis
397 1048 613 1113 aduexerant.
651 1048 722 1113 Neo
751 1057 862 1112 umen
885 1047 1013 1112 Tullius
1043 1049 1078 1111 in
1100 1046 1163 1112 bac
1187 1050 1350 1112 sententia
1371 1071 1446 1134 per·
1479 1106 1480 1110 ,

269 1157 444 1238 severavit,
468 1154 528 1219 sed
551 1157 685 1239 saepius
701 1176 774 1218 eam
790 1156 930 1220 mutarit
943 1153 1045 1240 idque
1058 1155 1104 1218 ita
1122 1163 1179 1235 „ut
1192 1152 1312 1219 novam
1330 1171 1444 1240 quam·

269 1282 333 1349 qne
350 1261 612 1326 distributionem
628 1262 799 1347 superiore
816 1259 1049 1348 simpliciorem
1066 1270 1098 1325 et
1113 1263 1351 1326 accuratiorem
1368 1284 1447 1327 esse

269 1367 373 1434 vellet
394 1367 616 1455 paulatimque
641 1389 678 1431 se
694 1368 737 1432 ad
752 1370 912 1432 rationem
933 1366 1164 1432 Aristotelem
1180 1367 1304 1450 (malim
1319 1369 1446 1434 leocra-

199 1487 200 1490 ’
269 1475 371 1561 team)
402 1476 592 1542 revocaret“
605 1473 638 1561 ¹).
689 1475 839 1560 Namque
865 1470 908 1538 ‘in
942 1474 1131 1539 novissimis
1166 1474 1259 1539 libris
1295 1485 1448 1562 quattuor

269 1591 395 1648 tantum
418 1582 574 1647 orationis
597 1590 709 1667 partes
732 1591 910 1646 enumerat.
959 1580 1007 1672 σί,
1024 1590 1104 1644 orat.
1128 1582 1264 1664 satra
1291 1592 1373 1667 part
1398 1604 1446 1648 or.

274 1691 341 1773 1,4;
365 1689 457 1772 8,27;
479 1697 544 1774 top.
570 1687 768 1764 aest-98.

377 1795 577 1860 Addendum
600 1805 651 1858 est
664 1793 801 1859 Latinos
824 1795 859 1858 in
883 1815 922 1859 ea
938 1815 977 1858 re
992 1792 1033 1858 ab
1050 1782 1256 1858 Anaximene
1274 1793 1448 1872 dissidere,

272 1903 360 1990 quod
382 1901 436 1966 hic
460 1901 716 1966 confutationem
740 1911 773 1966 et
795 1900 1076 1966 confirmationem
1098 1921 1165 1964 non
1180 1900 1277 1965 modo
1294 1910 1451 1986 segregat

272 2009 333 2095 (sc.
346 2010 380 2072 in
395 2030 518 2093 genere
532 2006 629 2072 delib.
643 2018 676 2072 et
687 2006 809 2094 indic),
824 2007 995 2086 sedetiam
1006 2009 1099 2072 varia
1115 2015 1148 2071 et
1163 2006 1318 2072 distincta
1327 2010 1446 2073 utrius·

271 2137 336 2203 que
359 2105 463 2202 partis
485 2124 664 2200 praecepta
685 2116 834 2201 porrigit,
858 2136 933 2178 cum
951 2113 1079 2196 Cicero,
1105 2135 1247 2200 quocum
1270 2124 1384 2180 auctor
1404 2115 1447 2179 ad

270 2222 313 2287 H.
338 2223 500 2307 congruit,
523 2220 583 2285 has
608 2221 692 2285 duas
714 2229 837 2306 partes,
862 2230 1026 2306 quatenus
1041 2222 1075 2284 in
1092 2222 1337 2285 enumeratione
1353 2242 1448 2308 sepa·

271 2336 331 2411 rat,
356 2330 389 2392 in
413 2329 605 2392 tractatione
629 2347 709 2390 sane
732 2329 807 2412 ipsa
830 2328 914 2390 inter
931 2348 1007 2391 sese
1023 2328 1168 2408 misceat,
1195 2347 1259 2413 qua
1275 2326 1316 2392 ab
1332 2348 1450 2392 norma

270 2445 379 2500 tarnen
401 2436 436 2498 in
459 2435 568 2519 priore
589 2432 839 2497 Rhetoricorum
861 2431 944 2497 libro
970 2433 1177 2519 discrepat2).

376 2540 472 2604 Nune
496 2538 755 2626 quaestionibus,
776 2559 861 2626 quae
877 2538 920 2603 ad
934 2548 1035 2604 totam
1051 2539 1233 2617 rhetoricae
1251 2540 1450 2606 divisionem

272 2656 422 2734 spectant
448 2645 630 2733 profligatis
660 2680 698 2694 -·
729 2655 763 2719 ct
790 2644 955 2727 debebant
980 2646 1157 2732 profligari,
1193 2649 1325 2712 tametsi
1359 2647 1448 2712 haud

270 2757 385 2840 ignoro
413 2776 465 2818 me
493 2775 559 2818 non
585 2751 722 2817 multum
750 2755 829 2817 novi
855 2754 898 2819 de
920 2756 961 2819 iis
986 2753 1214 2819 enucleavisse
1238 2790 1290 2830 —‚
1314 2754 1447 2820 tandem

271 2862 314 2928 ad
338 2860 468 2947 singula
490 2859 730 2946 adgrediamur.
770 2862 821 2928 Ac
844 2864 986 2948 primum
1010 2861 1143 2946 quidem
1165 2862 1353 2927 examinare
1369 2860 1448 2925 mihi
1481 2893 1483 2896 >

272 2970 439 3056 proposui,
465 2968 544 3053 quid
568 2967 691 3032 diversi
712 2970 889 3055 scriptores
908 2969 948 3032 de
971 2967 1109 3054 singulis
1126 2971 1281 3034 orationis
1300 2967 1449 3056 partibus

273 3075 520 3160 disputaverint.
562 3074 636 3154 Qua
659 3076 692 3138 in
716 3076 934 3139 serationem
959 3073 1182 3161 dispositionis
1206 3074 1247 3139 ab
1271 3073 1449 3139 Aristotele

275 3183 411 3267 sumpsi,
441 3182 497 3266 qui
513 3183 653 3266 primum
668 3169 822 3273 προοίμιον
839 3182 918 3267 quid
935 3183 967 3244 in
985 3181 1121 3265 singulis
1137 3181 1314 3266 generibus
1330 3180 1449 3262 valeat,

276 3287 488 3369 demonstrat,
513 3287 632 3352 deinde
657 3288 736 3373 quid
757 3294 908 3379 διήγησις,
933 3296 1002 3351 turn
1027 3287 1104 3373 quid
1120 3294 1234 3369 πίστεις
1249 3298 1282 3352 et
1297 3292 1448 3379 ἐπίλογος.

276 3394 397 3460 Contra
419 3394 656 3476 Anaximenes,
684 3403 801 3458 auctor
827 3393 869 3458 ad
892 3394 944 3476 Η,
970 3392 1087 3458 Cicero
1116 3393 1287 3480 vulgarem
1312 3416 1449 3460 consue-

275 3502 422 3567 tudinem
447 3503 540 3588 sequi
564 3502 726 3583 videntur,
752 3522 827 3564 oum
851 3501 1008 3586 deinceps
1032 3502 1094 3565 tria
1118 3499 1172 3564 illa
1194 3522 1317 3587 genera
1332 3523 1449 3588 propo-

276 3618 358 3672 nunt
386 3618 418 3671 et
445 3608 479 3670 in
507 3589 705 3694 unoquoque
735 3606 885 3671 diversas
914 3601 1069 3673 orationis
1097 3616 1207 3692 partes
1240 3618 1450 3695 pertractant.

727 3856 776 3936 lte
802 3856 998 3960 prooemio.

386 4050 500 4117 Statim
535 4051 568 4115 in
596 4046 676 4138 'ipsa
710 4053 869 4141 prooemii
900 4051 1089 4148 definitione
1121 4045 1242 4117 diversi
1274 4053 1452 4146 scriptores

279 4157 366 4222 haud
394 4159 439 4222 ita
462 4157 592 4223 distant.
641 4159 682 4222 ef.
707 4159 814 4225 Anax.
840 4159 1042 4235 salt—13:
1072 4164 1137 4230 ἔστι
1159 4167 1198 4230 bl
1219 4167 1450 4253 προοίμιον...

388 4369 409 4438 ¹)
428 4369 574 4424 Merobant
592 4387 620 4438 p.
639 4368 682 4424 29.

387 4458 408 4522 ’ί
426 4477 453 4512 v.
472 4458 608 4513 Heinicke
628 4477 654 4528 p.
675 4459 717 4512 79.
