3278 5206
706 415 925 481 ..30.,

335 595 404 660 Sed
427 595 516 681 apud
538 594 780 659 Anaximenem
807 612 939 678 qnoque
972 603 1088 677 aperta
1121 590 1196 655 talis
1232 587 1402 656 divisionis

231 703 372 786 vestigia
400 710 588 782 cernuntur,
618 699 796 765 dummodo
825 699 907 764 haec
934 700 1007 764 eins
1035 696 1139 762 verba
1161 698 1196 760 in
1218 698 1404 783 appendice

232 832 264 895 p.
290 809 389 891 99‚19
412 811 519 895 posita
542 816 632 872 recte
656 809 866 892 interpreter:
889 819 1008 897 πρῶτον
1032 811 1086 896 μὲν
1110 807 1160 874 οὖν
1175 810 1336 875 διελέσθαι
1351 811 1404 896 χρὴ

227 923 270 984 τὰ
297 923 464 1008 πράγματα
491 923 589 984 κατὰ
617 920 681 999 τὴν
713 917 799 999 ὅλην
829 926 893 982 τοῦ
924 917 1184 1002 παιδεύματος
1213 918 1404 1004 διαίρεσιν,

229 1028 290 1104 ὄπι
316 1036 436 1114 πρῶτον
463 1027 482 1108 ἢ
511 1026 653 1112 δεύτερον
675 1026 695 1106 ἢ
716 1027 821 1112 τρίτον
843 1024 862 1105 ἢ
885 1027 1034 1111 πέπαρπον
1056 1027 1311 1109 μεταχειρισπέον,
1338 1021 1405 1088 εἶτα

229 1143 344 1198 σαυτοῦ
369 1134 522 1198 ποιεῖσθαι
548 1135 752 1219 παρασκευήν,
780 1135 879 1219 ὥσπερ
911 1132 941 1195 ἐν
964 1138 1030 1207 τοῖς
1050 1133 1216 1219 προοιμίοις
1237 1130 1405 1216 διήλθομεν

225 1245 267 1305 τὰ
288 1243 355 1329 περὶ
376 1223 437 1304 σῶν
461 1240 620 1324 ἀκροατῶν
629 1234 664 1318 1).
714 1235 754 1299 In
779 1233 994 1320 sequentibus
1019 1237 1127 1299 statim
1144 1234 1187 1298 de
1202 1232 1403 1297 audientium

227 1345 478 1430 praeparatione
503 1344 580 1426 agit,
605 1364 703 1428 quam
727 1340 958 1406 benevolentia
979 1350 1013 1405 et
1035 1342 1213 1406 attentione
1242 1338 1406 1425 captanda

227 1449 301 1514 fieri
323 1449 430 1515 docet.
478 1448 606 1514 Oenseo
629 1457 741 1513 autem
764 1449 959 1534 scriptorem
983 1446 1142 1513 hocloco
1167 1448 1247 1512 satis
1270 1445 1407 1512 notabili

228 1558 372 1642 primum
410 1557 568 1642 prooemii
607 1553 754 1620 officium
793 1563 952 1637 statuere,
993 1563 1029 1618 ut
1068 1576 1201 1618 causam
1241 1553 1404 1618 divisione

231 1662 375 1748 quadam
405 1683 620 1748 exponamus.
680 1660 810 1726 Deinde
844 1668 1021 1752 διαιρέσεως
1054 1663 1194 1745 vestigia
1229 1659 1404 1747 Spengelio

231 1769 339 1833 indice
368 1769 444 1847 922
474 1778 617 1832 exstant:
648 1774 669 1836 ἂ
696 1775 733 1837 δὲ
764 1772 906 1851 δοξάζειν
933 1769 1011 1852 (τῶν
1037 1777 1311 1859 κατηγορουμένων
1333 1775 1406 1848 τοὺς

229 1881 401 1957 ἀκούοντας
428 1875 590 1962 ἐποίησεν),
617 1888 720 1945 ταῦτα
741 1882 923 1968 προθέμενοι
951 1885 1031 1967 μετὰ
1058 1883 1095 1944 τὸ
1123 1884 1278 1968 προοίμιον
1300 1879 1405 1944 διαλύ-

229 2010 332 2075 σομεν,
370 1983 413 2048 ad
442 2005 540 2069 quem
571 1982 681 2048 locum
710 1986 760 2047 vir
786 1982 841 2047 ille
875 1985 1087 2048 acutissimus
1110 2007 1143 2069 p.
1168 1983 1233 2048 263
1257 1983 1404 2046 adnotat:

231 2112 317 2173 „non
330 2095 473 2182 πρόθεσις
485 2089 613 2154 exordii
625 2089 825 2175 intellegitur
838 2112 903 2177 qua
918 2100 1030 2154 noster
1044 2100 1081 2154 ut
1096 2090 1263 2155 auditores
1278 2087 1410 2153 dociles.

228 2196 388 2261 faciamus
412 2198 589 2282 praecipit3
614 2196 674 2261 sed
688 2217 775 2280 quae
790 2197 964 2261 exordium
989 2199 1145 2282 sequitur,
1171 2205 1251 2289 μετὰ
1272 2203 1310 2265 τὸ
1333 2221 1405 2286 προ-

228 2310 341 2396 οίμιον,
369 2303 403 2367 id
432 2312 483 2367 est
511 2306 654 2368 narratio
682 2303 735 2368 vel
766 2304 909 2368 divisio
936 2305 1146 2389 requiritnr“‚
1175 2312 1209 2367 et
1239 2309 1407 2388 comparat

229 2411 344 2492 98,10:
374 2417 622 2502 φροιμιασάμενοι
648 2465 654 2479 .
681 2465 687 2479 .
714 2465 721 2479 .
749 2464 755 2479 .
780 2415 888 2503 ἐφεξῆς
909 2414 1040 2478 ἕκαστον
1062 2414 1304 2497 προτιθέμενοι.
1331 2461 1338 2474 .
1363 2463 1371 2477 .
1398 2463 1404 2476 .

229 2521 421 2608 ἐξετάσομεν.
468 2517 594 2580 Pariter
616 2518 840 2581 Anaximenes
868 2517 965 2598 80,t1
990 2540 1040 2603 sq.
1065 2518 1099 2580 in
1121 2538 1244 2600 genere
1269 2515 1403 2580 demon-

229 2625 363 2688 strativo
379 2630 534 2714 διαίρεσιν,
552 2645 636 2708 quae
658 2628 836 2715 προθέσεως
859 2644 994 2687 munere
1017 2621 1175 2707 fungitur,
1191 2625 1221 2686 si
1237 2623 1346 2686 minus
1364 2621 1407 2686 ad

229 2731 369 2815 primam
400 2729 528 2794 exordii
562 2732 713 2794 virtutem
747 2729 813 2813 (sc.
847 2728 1062 2812 docilitatem)
1097 2727 1207 2809 refert,
1247 2738 1279 2792 at
1317 2738 1405 2792 certe

232 2838 401 2923 prooemio
435 2837 500 2920 ipsi
534 2836 711 2901 adnectere
747 2836 886 2901 videtur.
943 2836 1024 2900 Nam
1056 2857 1254 2922 quamquam
1283 2834 1406 2899 Wend-

230 2942 376 3024 landino,
405 2944 457 3007 vir
491 2941 718 3024 doctissimus,
753 2966 785 3028 p.
816 2942 860 3007 55
890 2941 1129 3007 Anaximenem
1163 2942 1273 3007 dedita
1307 2963 1407 3028 opera

230 3051 393 3133 integrum
413 3047 600 3134 relinquere
625 3050 785 3135 opinatur,
810 3057 917 3113 utrum
940 3056 1086 3141 διαίρεσις
1108 3050 1205 3113 tacite
1229 3047 1407 3113 laudationi

231 3154 385 3219 subicere
413 3164 571 3240 oporteat,
601 3177 643 3219 an
670 3154 779 3242 palam
808 3154 905 3219 claris
933 3155 1045 3220 verbis
1076 3165 1152 3220 ante
1186 3157 1406 3220 narrationem

232 3283 404 3347 usurpare,
430 3262 584 3347 equidem
608 3261 671 3326 hoo
695 3285 755 3348 pro
779 3272 869 3327 certo
892 3261 1073 3344 habuerim,
1103 3264 1181 3348 quia
1210 3284 1277 3327 non
1301 3260 1407 3326 solnm

230 3366 294 3432 loci
317 3366 363 3432 illi
386 3367 483 3433 modo
507 3367 640 3454 allegati
662 3367 727 3434 tale
749 3369 830 3453 quid
851 3370 913 3456 (so.
934 3370 1056 3434 oratori
1070 3371 1277 3455 partitionem
1294 3377 1406 3454 aperte

230 3473 479 3559 significandam
511 3476 603 3556 esse)
631 3484 667 3539 ut
694 3477 919 3560 suspicemur,
952 3475 1108 3556 suadent,
1138 3475 1198 3539 sed
1232 3477 1332 3540 etiam
1366 3497 1407 3539 ea

230 3580 305 3665 ipsa
325 3602 412 3666 quae
436 3604 467 3667 p.
491 3581 766 3666 80,201egimus:
790 3595 892 3650 ταῦτα
904 3580 974 3667 (τὴν
996 3581 1153 3674 διαίρεσιν)
1175 3589 1216 3667 δὴ
1238 3589 1405 3672 διαλογι-

230 3693 382 3778 σάμενοι
416 3695 496 3779 μετὰ
518 3695 560 3756 τὰ
586 3687 770 3779 προοίμιαί),
799 3702 919 3779 πρῶτον
945 3695 1000 3774 τὴν
1033 3682 1233 3780 γενεαλογίαν
1262 3693 1406 3780 πάξομεν.

229 3793 304 3857 Ηοο
347 3795 433 3858 enim
472 3793 575 3858 verbo
614 3798 847 3885 διαλογίζεσθαι
889 3796 1030 3880 scriptor
1071 3795 1170 3877 56,ss
1223 3817 1322 3859 unam
1358 3795 1407 3859 -de

228 3907 430 3990 παλλιλογίας
460 3901 574 3964 formis
604 3900 757 3986 appellat.
805 3900 915 3980 Quare
938 3901 1165 3966 Anaximenes
1189 3925 1220 3987 p.
1245 3901 1290 3966 80
1313 3923 1406 3988 prae·

230 4025 444 4034 ———-—-

336 4077 358 4140 ¹l
377 4075 456 4128 Hanc
475 4075 595 4128 eandem
614 4075 765 4129 dictionem
785 4076 909 4130 crebrius
923 4078 997 4144 apud
1011 4076 1192 4130 Aristotelem
1210 4075 1329 4144 legimus
1349 4095 1403 4146 eg.

230 4163 317 4218 idota
336 4164 382 4226 11;
403 4163 548 4226 15a2‚34;
566 4162 685 4229 bosci.
707 4164 799 4219 rasta
819 4165 861 4233 16,
883 4165 962 4218 Marx
981 4183 1009 4233 p.
1028 4165 1103 4235 319).

337 4252 357 4316 ²)
376 4250 423 4306 Sic
450 4252 706 4321 interpungendum
734 4257 785 4324 est,
815 4255 839 4309 si
865 4255 1099 4323 interpungimus.
1136 4255 1182 4322 (cf.
1205 4255 1277 4320 923,
1303 4259 1405 4325 snpra).

228 4340 311 4394 Falso
331 4340 367 4393 de
385 4341 439 4394 hac
456 4357 488 4394 re
506 4341 744 4411 Ipfelkoforus
766 4343 905 4412 disputat:
928 4343 975 4398 die
994 4344 1132 4398 Rhetorilr
1155 4345 1205 4398 des
1224 4345 1407 4410 Ana1.‚diss.

229 4429 297 4497 phil.
317 4428 429 4499 Wircb„
450 4429 519 4485 1889
538 4449 565 4499 p.
585 4431 628 4485 49.
