3278 5206
710 459 930 522 -85..

230 635 320 701 iubet
348 640 490 718 διεξιέναι
517 642 570 703 τὸν
600 639 665 727 βίον
698 639 792 704 αὐτοῦ
827 636 873 718 (όν
901 639 938 702 ἂν
969 635 1206 727 κακολογῶμεν)
1241 646 1338 722 atque
1371 639 1405 701 in

230 743 440 808 adulescente
471 741 604 828 quidem
633 751 765 827 praeter
792 747 905 833 τρόπον
933 752 965 806 et
992 746 1219 833 ἐπιτηδεύματα
1243 746 1341 808 etiam
1362 752 1406 812 τὰ

230 854 306 941 ἔργα
315 849 337 934 ¹)
372 849 524 935 augenda
559 869 634 912 esse
670 847 759 930 dicit,
794 859 903 912 tamen
932 847 1028 932 longe
1061 851 1238 912 maximam
1272 852 1405 935 generis

230 957 396 1042 epidictici
419 958 485 1020 vim
508 955 542 1019 in
565 954 740 1019 virtutibus
766 954 1030 1019 demonstrandis
1052 954 1198 1021 collocat.
1237 956 1311 1020 Hoc
1335 957 1405 1020 effi·

229 1065 312 1127 eitur
335 1085 377 1126 ex
401 1063 562 1127 divisione
585 1060 640 1125 illa
663 1063 695 1125 in
719 1069 762 1130 τὰ
790 1065 847 1143 ἔξω
871 1073 927 1148 τῆς
956 1067 1065 1153 ἀρετῆς
1089 1071 1120 1126 et
1141 1070 1184 1131 τὰ
1207 1069 1237 1131 ἐν
1262 1068 1403 1160 αότῇπῇ

203 1175 324 1265 ,ἀρετῇ
348 1174 467 1256 ἀγαθά,
496 1170 530 1232 in
555 1167 675 1254 quibus
698 1166 827 1232 duabus
851 1169 998 1254 partibus
1022 1178 1124 1233 totum
1153 1175 1303 1261 ἐγκώμιον
1326 1192 1403 1235 con-

230 1278 348 1339 sistere
372 1298 405 1360 p.
430 1276 473 1341 80
498 1277 646 1361 exponit;
680 1274 823 1339 efficitur
847 1297 961 1360 exeo,
991 1274 1078 1361 quod
1107 1277 1140 1339 in
1171 1279 1260 1341 omni
1288 1279 1403 1341 aetatis

228 1382 333 1466 gradu
356 1384 493 1446 virtutes
517 1380 700 1447 laudandas
716 1383 883 1467 proponit:
910 1385 943 1444 in
967 1384 1078 1468 pueris
1100 1389 1138 1451 τὸ
1163 1390 1308 1476 κοσμίους
1331 1386 1406 1453 εἶναι

228 1496 280 1558 καὶ
295 1498 455 1580 σώφρονας
463 1490 496 1572 ²),
521 1490 555 1552 in
571 1490 691 1553 iuvene
706 1494 818 1579 τρόπον
835 1497 867 1552 et
883 1493 1120 1580 ἐπιτηδεύματα,
1144 1491 1178 1553 in
1201 1492 1271 1554 viro
1296 1489 1404 1554 a'utem

227 1594 391 1660 tres'illae
415 1617 560 1659 summas
584 1596 731 1677 virtutes,
756 1594 875 1681 quibus
899 1595 987 1659 facta
1010 1594 1045 1680 (ἃ
1066 1599 1287 1687 διεξεπράξατο
1313 1603 1329 1666 ὁ
1353 1593 1403 1690 ὑφ’

227 1711 311 1792 ἡμῶν
339 1708 605 1794 ἐγκωμιαζόμενος
634 1706 717 1793 όωήρ,
748 1702 859 1785 83,17)
890 1702 1170 1767 accommodanda
1202 1724 1276 1768 esse
1303 1712 1403 1789 putat.

227 1809 382 1894 Denique
405 1811 516 1873 virtuti
541 1809 620 1895 quid
636 1807 786 1873 tribuerit
801 1807 1037 1891 Anaximenes,
1063 1809 1140 1873 inde
1156 1820 1300 1896 apparet,
1318 1809 1406 1897 quod

227 1924 269 1985 τὰ
292 1920 351 1998 ἔξω
370 1938 497 1980 revera
520 1916 562 1980 ad
588 1913 811 1979 laudationem
841 1913 895 1979 vel
923 1915 1195 2001 vituperationem
1223 1914 1303 1980 nihil
1330 1938 1405 2003 pro·

227 2023 328 2088 ficere
353 2024 538 2088 arbitratur.
583 2022 667 2085 Nam
696 2023 773 2106 84‚8
804 2021 858 2106 (ef.
884 2020 998 2105 9831)
1024 2022 1203 2087 contendit:
1231 2029 1280 2091 δεῖ
1305 2029 1342 2091 δὲ
1365 2030 1405 2114 μὴ

229 2138 385 2214 σκώπτειν,
410 2133 443 2198 δν
466 2135 502 2198 ἂν
525 2137 748 2220 κακολογῶμεν
773 2183 779 2197 .
806 2184 812 2198 .
837 2182 844 2198 .
869 2183 877 2198 .
900 2137 942 2197 τὰ
973 2134 1108 2220 μὲνγὰρ
1137 2138 1311 2221 σκώμματα
1334 2157 1405 2199 στο-

227 2243 355 2328 χάζεται
382 2248 438 2322 τῆς
465 2241 589 2322 ίδέαςῆ
619 2248 675 2322 τῆς
702 2241 815 2318 οὐσίας,
845 2241 873 2305 οἱ
899 2242 937 2304 δὲ
958 2241 1048 2326 λόγοι
1074 2250 1136 2304 τῶν
1162 2241 1247 2321 ἠθῶν
1270 2243 1322 2305 καὶ
1344 2250 1405 2305 τῶν

227 2351 347 2434 τρόπων
379 2350 451 2412 εἰσὶν
485 2345 548 2412 οἷον
582 2348 702 2424 εἰκόνες.
761 2342 795 2407 Ρ.
825 2342 923 2425 80,19
957 2352 1065 2406 autem
1095 2345 1235 2428 scriptor
1270 2351 1312 2412 τὰ
1345 2345 1403 2424 ἔξω

227 2463 282 2536 τῆς
317 2455 427 2542 ἀρετῆς
459 2455 647 2520 κλέπτεσθαι
671 2452 690 2515 i.
710 2472 737 2514 e.
762 2449 923 2514 immerito
954 2460 985 2513 et
1015 2449 1099 2512 elam
1127 2449 1294 2514 afferenda
1329 2471 1403 2514 esse

228 2557 336 2636 tradit,
361 2580 435 2622 cum
460 2556 608 2621 homines
634 2558 780 2642 corporis
810 2555 1019 2642 praestantiie
1043 2555 1098 2620 vel
1122 2555 1243 2620 divitiis
1272 2565 1403 2620 ornatos

228 2686 293 2727 non
321 2669 455 2748 ἐπαινεῖν,
485 2664 545 2728 sed
579 2668 756 2755 μακαρίζειν
786 2662 910 2728 deceat.
960 2663 1088 2726 Eadem
1115 2662 1302 2726 Aristotelis
1331 2685 1404 2726 sen·

228 2773 329 2834 tentia
353 2780 412 2853 est,
444 2773 500 2856 qui
527 2793 593 2834 non
616 2770 714 2833 modo
738 2771 815 2833 item
839 2779 938 2856 atque
962 2769 1185 2833 Anaximenes
1214 2775 1406 2860 μακαρισμὸν

229 2886 260 2941 et
283 2881 402 2947 ἔπαινον
425 2878 441 2940 Ι
465 2876 620 2959 9‚1367b
645 2876 687 2940 33
712 2875 895 2961 seiungit³)‚
921 2875 982 2939 sed
1006 2877 1136 2940 omnine
1160 2874 1247 2938 bona
1271 2884 1406 2940 externa

228 2984 261 3047 in
276 2986 406 3069 generis
425 2983 672 3048 demonstrativi
691 2981 909 3068 explicatione
925 2980 1048 3047 deserit
1065 2981 1129 3066 (sic
1146 2984 1243 3045 etiam
1257 2981 1323 3046 Cic.
1340 2992 1404 3067 top.

229 3090 351 3176 23,89),
365 3092 429 3155 nisi
440 3089 528 3176 quod
536 3090 680 3154 breviter
688 3111 728 3153 ea
736 3087 777 3153 ad
788 3111 857 3153 rem
866 3088 1124 3154 confirmandam
1132 3087 1224 3152 utilia
1233 3110 1307 3152 csse
1318 3110 1404 3152 ccm-

228 3206 388 3261 memorat
406 3195 517 3261 1367b
531 3196 586 3262 29:
601 3203 643 3265 τὰ
658 3203 695 3265 δὲ
709 3201 812 3287 κύκλῳ
825 3202 867 3277 εἰς
878 3203 976 3266 πίστιν
988 3197 1050 3293 οἷον
1063 3201 1200 3286 εὐγένεια
1210 3202 1262 3264 καὶ
1273 3201 1404 3264 παιδεία.

337 3407 358 3475 ¹)
378 3405 454 3459 Haec
474 3407 559 3459 etiam
577 3425 605 3475 p.
618 3407 653 3460 28
672 3408 761 3475 magis
780 3408 921 3476 respicere
935 3407 1055 3460 videtur.
1069 3405 1104 3460 ci.
1118 3423 1141 3461 e.
1155 3424 1181 3473 g.
1196 3404 1270 3471 28,5;
1289 3400 1406 3460 ἐπαινετὰ

230 3494 275 3562 μὲν
296 3492 339 3549 οὖν
358 3489 410 3548 ἔστι
428 3497 597 3563 πράγματα
617 3499 647 3550 τὰ
667 3497 751 3551 δίκαια
769 3498 813 3550 καὶ
831 3500 863 3550 τὰ
880 3496 975 3563 νόμιμα
994 3499 1046 3548 etc.

336 3583 358 3652 ⁹)
377 3582 471 3635 Primo
491 3585 643 3652 conspeetu
666 3584 767 3636 mirum
790 3584 910 3649 videtur,
934 3584 1007 3651 quod
1030 3583 1123 3653 pueris
1147 3586 1296 3653 σωφροσύνη
1319 3581 1407 3635 vindi·

228 3672 322 3724 catur.
360 3671 414 3724 Sed
432 3670 507 3724 idem
526 3670 637 3739 saepius
651 3671 737 3725 etiam
756 3673 830 3741 apud
843 3672 911 3725 alios
924 3670 1072 3740 scriptores
1091 3671 1255 3724 invenimus.
1287 3669 1327 3724 cf.
1342 3687 1366 3725 e.
1380 3689 1407 3739 g.

227 3759 304 3812 Plat.
324 3759 379 3828 leg.
399 3758 437 3812 lV
457 3759 537 3811 710A
557 3759 657 3825 (Zeller
674 3760 702 3813 II
722 3760 761 3828 1⁴,
780 3778 808 3829 p.
827 3760 922 3828 958⁸);
942 3759 1026 3813 Isocr.
1045 3759 1131 3828 Euag.
1151 3760 1199 3827 223
1219 3759 1316 3814 Aesoh.
1336 3758 1405 3811 Tim.

228 3849 242 3916 ξ
266 3848 295 3916 7;
321 3848 412 3917 [Dein]
438 3847 516 3916 61,17
541 3866 600 3917 sqq.
642 3848 777 3918 (Spengel
801 3850 835 3902 ad
860 3849 946 3902 Anax.
975 3867 1002 3917 p.
1026 3847 1087 3917 230,
1115 3847 1278 3901 Wendland
1300 3865 1327 3916 p.
1352 3848 1406 3913 75),

228 3937 320 4004 Atque
344 3954 402 3990 non
426 3936 530 4004 dubito,
555 3937 621 4005 quin
639 3939 692 3991 hoc
712 3939 915 4006 quodammodo
933 3938 1075 4007 pertineat
1093 3938 1129 3991 ad
1147 3937 1226 3990 illam
1243 3936 1408 3991 doctrinam,

230 4042 284 4091 qua
304 4024 429 4094 singulae
449 4025 568 4079 virtutes
586 4026 623 4079 ad
647 4026 770 4094 singulas
793 4027 903 4081 animae
926 4029 1021 4095 partes
1044 4026 1334 4080 accommodabantur.
1371 4025 1406 4079 ci.

231 4112 288 4166 div.
309 4112 343 4166 13
358 4113 395 4184 [2]
416 4114 624 4179 (Mntschmann
642 4135 668 4185 p.
690 4115 815 4180 16-17).
846 4117 879 4168 In
898 4115 1087 4170 schematibus
1109 4115 1192 4182 enim,
1211 4131 1283 4182 quae
1301 4114 1340 4167 ibi
1360 4131 1407 4167 ex·

230 4204 317 4266 stant,
339 4190 487 4271 σωρροσύνη
508 4220 617 4272 semper
637 4205 672 4257 ad
685 4204 712 4259 τὸ
725 4199 904 4274 ἐπιθυμητικόν
922 4204 1051 4258 refertur.
1072 4203 1108 4259 cf.
1129 4204 1215 4257 etiam
1234 4203 1317 4256 Arist.
1338 4202 1406 4276 Top.

229 4289 307 4343 1361)
322 4290 364 4357 13,
391 4291 551 4359 138b1sq:
572 4296 721 4362 σωφροσύνη
741 4292 817 4363 ἀρετὴ
836 4300 879 4348 τοῦ
897 4289 1082 4362 ἐπιθυμητικοῦ.

337 4379 359 4448 ⁸)
378 4380 538 4434 Wendland
562 4400 589 4450 p.
613 4382 719 4448 55,66¹.
748 4381 784 4436 cf.
810 4382 896 4435 etiam
919 4382 984 4438 Eth.
1008 4383 1069 4437 Nic.
1094 4380 1263 4449 112,1101b
1288 4380 1410 4449 10sqq.;

227 4467 295 4521 Eud.
315 4466 483 4537 111,1219b
503 4469 593 4538 8sqq.
613 4470 661 4535 (Μ,
681 4470 718 4523 Μ.
741 4469 833 4523 11831)
852 4469 888 4522 20
901 4473 975 4538 sqq.)
