3278 5206
761 423 959 488 ..8-

272 623 346 665 cum
363 601 429 664 vim
446 602 517 664 sive
533 599 824 684 Peripateticorum
834 600 858 681 ¹)
883 599 954 663 sive
973 600 1156 664 Stoicorum
1173 599 1261 686 apud
1277 601 1447 668 Romanos

272 707 416 772 olfacere
455 707 534 771 mihi
570 706 718 789 viderer,
760 705 802 770 ad
843 709 953 792 ipsum
992 706 1131 781 fontem,
1172 707 1259 771 unde
1303 730 1363 772 sua
1401 709 1448 774 illi

271 815 470 896 hausissent,
500 835 551 878 me
579 813 761 900 procedere
794 835 894 898 posse
931 814 1007 898 quia
1043 812 1271 900 desperabam,
1308 816 1448 881 similem

271 921 452 987 doctrinam
476 919 529 985 hic
554 919 619 984 illic
643 928 856 1006 apparentem
877 929 1060 984 monstrare
1088 921 1209 985 invitus
1234 922 1314 985 satis
1335 921 1446 988 habui.

268 1027 314 1093 At
336 1037 425 1093 recte
449 1028 586 1093 forsitan
610 1027 728 1091 dixerit
752 1029 825 1112 quis
849 1027 947 1091 talem
972 1026 1245 1112 disquisitionem,
1280 1050 1344 1114 qua
1368 1029 1446 1116 quid

269 1158 323 1199 ars
348 1137 497 1216 oratoria,
527 1143 701 1219 antequam
731 1133 774 1198 ad
802 1133 967 1198 Romanos
995 1136 1132 1215 venerit,
1161 1144 1236 1220 post
1261 1135 1443 1200 Aristotelis

269 1243 459 1306 memoriam
484 1239 571 1326 apud
588 1239 735 1306 Graecos
759 1239 899 1304 valuerit
921 1239 1137 1327 philosophos
1162 1242 1356 1323 excutiatur,
1379 1251 1443 1306 tam

269 1370 344 1413 esse
372 1347 532 1413 lubricam
560 1349 724 1432 tantisque
756 1346 1005 1412 difficultatibus
1034 1346 1237 1433 impeditam,
1266 1357 1390 1413 utnon
1413 1352 1447 1412 in

268 1454 388 1533 libello,
419 1455 478 1519 sed
506 1455 540 1518 in
567 1452 660 1532 libro,
690 1476 755 1519 non
779 1477 799 1518 a
821 1455 936 1531 tirone,
967 1455 1027 1518 sed
1056 1454 1097 1519 ab
1128 1457 1286 1519 instructo
1318 1457 1389 1520 viro
1415 1464 1448 1518 et

270 1571 417 1648 spectato
453 1561 654 1625 instituenda
687 1562 736 1626 sit.
788 1560 895 1641 Quam
931 1560 1193 1645 disquisitionem
1230 1559 1446 1626 Strillerus

268 1671 373 1753 magis
413 1669 515 1733 movit
554 1689 652 1753 quam
695 1666 877 1751 absolvit2).
934 1667 1126 1732 Melioribus
1165 1689 1244 1732 vero
1289 1669 1446 1754 auspiciis
1535 1715 1536 1718 ,

268 1773 480 1854 Thieliusss)
505 1773 673 1839 doctrinae
690 1774 936 1857 Hermagoreae
959 1796 1065 1859 usque
1089 1774 1132 1838 ad
1155 1773 1190 1839 id
1214 1784 1345 1860 tempus
1366 1775 1445 1839 satis

268 1881 438 1963 obscurae,
464 1879 627 1945 oblivione
652 1880 787 1946 obrutae
809 1881 922 1946 lumen
946 1881 1077 1945 adferre
1103 1880 1234 1947 studuit.

379 1987 473 2068 Quae
502 2010 577 2052 cum
608 1990 652 2051 ita
680 1997 802 2068 essent,
833 2010 894 2071 ego
923 1989 956 2051 in
986 1987 1049 2051 hoc
1078 1986 1270 2072 plerumque
1302 1986 1444 2063 substiti,

270 2104 306 2159 ut
329 2117 448 2180 corpus
474 2095 638 2179 quoddam
662 2102 912 2180 praeceptorum
941 2093 984 2157 ad
1006 2093 1178 2178 vulgarem
1208 2094 1444 2157 institutionem

273 2203 491 2287 spectantium
515 2224 534 2265 a
558 2210 673 2286 quarto
698 2199 830 2265 saeculo
855 2199 897 2264 ad
921 2200 1059 2265 alterum
1084 2209 1116 2264 et
1138 2202 1280 2286 primum
1303 2199 1374 2262 fere
1398 2200 1445 2261 in·

268 2317 396 2392 tegrum
434 2309 596 2392 migrasse
632 2307 848 2372 ostenderem.
900 2305 1012 2392 Atque
1043 2306 1213 2372 Ciceronis
1242 2315 1274 2370 et
1302 2307 1444 2370 auctoris

269 2414 312 2478 ad
335 2414 377 2476 H.
402 2412 504 2477 libros
520 2413 701 2477 rhetoricos
721 2449 759 2459 —
778 2412 829 2476 his
847 2415 933 2476 enim
950 2435 1055 2499 paene
1073 2411 1154 2476 solis
1171 2414 1289 2498 prioris
1306 2411 1443 2476 Latinae

270 2519 453 2605 rhetoricae
486 2521 634 2584 notitiam
667 2518 826 2583 debemus
851 2556 893 2566 -
918 2518 960 2583 ad
988 2519 1214 2601 Anaximenis,
1247 2517 1444 2599 Aristotelis,

270 2625 459 2708 Isocratis4)
479 2634 727 2719 παραγγέλματα
754 2628 948 2711 saepissime
975 2636 1008 2690 et
1033 2628 1151 2690 mirum
1179 2635 1336 2710 quantum
1365 2647 1443 2711 qua-

377 2841 398 2904 q
417 2839 453 2891 Et
471 2836 642 2892 Aristotelea
665 2838 779 2906 quidem
802 2840 955 2907 praecepta
976 2855 1033 2892 non
1055 2853 1119 2891 raro
1143 2837 1218 2905 apud
1241 2840 1383 2891 auctorem
1407 2837 1444 2889 ad

270 2928 303 2980 H.
319 2932 348 2981 et
361 2927 521 2982 Ciceronem
534 2931 693 2995 emergunt;
707 2944 822 2995 quorum
836 2927 926 2980 multa
936 2927 954 2981 J
961 2926 1139 2981 entschius
1153 2925 1323 2997 (Aristotelis
1336 2928 1444 2979 exarte

271 3015 411 3069 rhetorica
435 3014 501 3083 quid
524 3015 629 3069 habeat
651 3014 755 3082 Cicero,
779 3015 841 3069 diss.
865 3015 959 3070 Berol.
983 3015 1074 3081 1866),
1100 3015 1235 3069 nonnulla
1263 3018 1293 3067 et
1316 3015 1444 3083 graviora

240 3148 242 3153 .
270 3103 419 3156 Marxius
442 3103 472 3156 in
496 3103 619 3158 editione
644 3107 717 3158 auct.
737 3104 780 3159 ad.
799 3104 833 3157 Η.
853 3122 880 3172 p.
901 3103 1110 3173 109‚122,(156J
1130 3107 1160 3157 et
1178 3103 1443 3172 Angermannus

269 3193 299 3245 in
323 3192 527 3257 dissertatione,
560 3192 604 3246 cui
631 3193 730 3247 titulus
757 3196 812 3247 est:
840 3192 883 3247 De
902 3193 1053 3248 Aristotele
1071 3194 1216 3247 rhetorum
1235 3196 1356 3260 auctore,
1380 3193 1443 3262 Lip-

269 3282 327 3335 siae
346 3281 417 3334 1904
433 3301 461 3351 p.
479 3283 568 3350 2sqq.
589 3282 771 3350 collegerunt.
808 3283 867 3336 Nec
885 3285 982 3336 tamen
1001 3282 1120 3337 Romani
1138 3283 1182 3335 vel
1201 3299 1298 3335 eorum
1316 3285 1443 3336 auctores

269 3370 449 3425 Aristotelem
477 3371 613 3424 evolvisse
638 3371 785 3439 probabile
815 3375 865 3426 est.
914 3370 1005 3436 Quam
1024 3371 1182 3441 opinionem
1206 3370 1303 3439 utique
1326 3370 1443 3424 incredi-

268 3459 354 3513 bilem
381 3476 450 3523 esse‚
479 3477 541 3513 cum
568 3459 625 3513 iarn
652 3461 736 3514 antea
764 3461 839 3514 docti
862 3460 914 3514 viri
941 3460 1072 3531 suspicati
1100 3462 1201 3528 essent,
1229 3459 1443 3529 Angermannus

268 3565 380 3616 prorsus
398 3548 537 3616 probavit.

375 3637 397 3702 ²)
418 3636 453 3691 cf.
474 3637 560 3691 etiarn
579 3637 732 3691 Sudhaus
757 3641 798 3703 (et
821 3638 1098 3709 Radermacher):
1123 3637 1279 3692 Philodami
1301 3637 1443 3692 volumina

269 3725 422 3791 rhetorica,
451 3727 689 3794 supplementum,
719 3727 826 3793 Lipsiae
851 3727 933 3795 1895;
961 3729 1000 3782 de
1027 3728 1153 3782 Arnim:
1182 3727 1236 3781 Dio
1263 3745 1318 3781 von
1346 3727 1442 3794 Prusa,

268 3814 363 3867 Berlin
383 3814 453 3868 1898
471 3834 498 3884 p.
517 3815 552 3869 43
565 3833 638 3884 sqq.;
661 3815 772 3870 Kroll:
797 3816 912 3870 Studien
930 3819 999 3871 tiber
1018 3815 1127 3872 Ciceros
1146 3816 1252 3870 Schriit
1270 3817 1304 3870 de
1323 3819 1442 3880 oratore,

268 3903 322 3959 Rh.
341 3903 378 3958 M.
398 3904 440 3966 58,
462 3904 530 3958 1903
549 3923 577 3973 p.
596 3905 649 3958 552
662 3923 722 3973 sqq.

376 3993 398 4064 ⁸)
417 3993 611 4063 Hermagoras,
630 3994 793 4064 Strassburg
812 3994 890 4049 1893.

375 4083 397 4146 ⁴)
416 4081 550 4136 Isocratis
573 4082 697 4137 doctrina
720 4084 893 4138 enucleanda
915 4088 976 4138 erat
998 4085 1103 4154 partim
1122 4102 1156 4138 ex
1174 4085 1306 4154 Dionysio
1325 4085 1387 4138 Hal.
1408 4084 1442 4136 de

269 4170 332 4240 hys.
351 4185 375 4224 c.
396 4171 429 4223 17
442 4188 511 4239 sqq,
535 4171 637 4240 partim
657 4188 691 4226 ex
710 4189 849 4241 anonymo
869 4172 1046 4243 Segueriano‚
1070 4177 1103 4228 ut
1125 4175 1287 4227 Marxius:
1312 4173 1443 4227 Berichte

269 4260 295 4312 d.
315 4258 406 4313 Sachs.
427 4258 490 4314 Ges.
510 4261 536 4313 d.
555 4260 638 4314 Wiss.
662 4262 730 4330 phil.
749 4262 813 4316 hist.
834 4261 927 4317 Classe
946 4263 1002 4331 LII,
1028 4263 1105 4325 1900,
1128 4282 1155 4332 p.
1175 4262 1237 4329 314,
1262 4263 1442 4332 Spengelinm

268 4356 378 4401 secutus
399 4349 586 4416 demonstrat,
610 4352 714 4419 partim
739 4369 773 4405 ex
796 4350 914 4405 oratoris
937 4352 1023 4420 ipsius
1046 4353 1177 4422 operibus
1201 4352 1248 4419 (cf.
1272 4352 1440 4407 Shechan:

268 4437 301 4490 de
320 4437 376 4490 fide
389 4438 457 4491 artis
469 4439 625 4494 rhetoricae
638 4440 755 4494 Isocrati
767 4441 899 4504 tributae,
919 4440 984 4494 diss.
1003 4440 1069 4510 phil.
1084 4441 1173 4495 Bonn.
1189 4441 1278 4505 1901).
1311 4440 1442 4495 Ceterum
