3278 5206
643 430 865 493 ..47-

165 606 389 693 interponitur,
413 604 510 692 plane
534 608 680 691 ignotum
704 606 809 670 fuisse
833 606 972 686 videtur,
998 605 1145 670 simodo
1170 605 1252 670 haec
1269 609 1340 672 eius
1402 660 1405 666 .

165 711 268 777 verba
284 713 401 795 71‚13:
425 719 477 782 καὶ
501 718 589 783 οὐδὲν
605 716 684 783 ἄλλο
698 719 794 805 λόγου
812 713 946 805 σχῆμα1)
969 725 1261 804 παρεμπεσεῖται
1296 716 1343 798 (in

167 820 298 904 generis
322 817 528 884 deliberativi
549 819 781 903 narrationem)
808 830 898 883 recte
921 817 1086 903 intellego,
1141 819 1239 883 Novit
1263 842 1341 905 ergo

167 926 229 990 hoc
256 948 362 1011 genus
396 926 457 991 sed
478 907 593 1008 reicit,
630 927 658 990 si
681 948 747 991 non
779 928 920 1004 omnino,
950 938 1059 990 tamen
1088 928 1122 991 in
1149 925 1341 1011 legatione2)

166 1032 350 1097 referenda.

273 1138 318 1203 At
340 1141 480 1205 fortasse
516 1141 678 1227 quispiam
714 1161 756 1204 ex
790 1141 894 1226 ipsius
930 1142 1086 1204 enuntiati
1110 1141 1215 1206 forma
1238 1144 1344 1228 suspi-

169 1255 259 1310 cetur
282 1248 520 1312 Anaximenem
543 1271 575 1333 p.
600 1247 698 1328 71,13
722 1257 877 1310 nontam
909 1246 1202 1329 adnotatiunculae,
1238 1251 1286 1313 sic
1311 1260 1345 1313 ut

165 1351 363 1418 Aristoteles
386 1353 583 1439 praescribit
607 1355 817 1440 compositas,
853 1375 950 1438 quam
986 1353 1161 1439 ampliores
1185 1356 1344 1440 quasdam

167 1466 414 1551 παραδιηγήσεις,
445 1482 530 1547 quae
559 1482 587 1523 e.
611 1483 642 1544 g.
676 1460 765 1546 apud
788 1459 1049 1525 Demosthenem
1073 1482 1138 1525 uon
1163 1461 1266 1525 semel
1290 1485 1344 1526 ex·

169 1575 265 1646 stant,
289 1567 476 1651 significare
501 1565 663 1652 simulque
687 1578 799 1631 vetare
821 1565 976 1631 voluisse.
1025 1566 1218 1633 Ciceronem
1235 1578 1345 1633 autem

170 1681 203 1736 et
226 1681 392 1758 auctorem
420 1673 461 1737 ad
486 1673 527 1739 H.
554 1672 615 1737 sub
640 1672 742 1738 altero
767 1675 963 1738 narrationis
992 1695 1115 1757 genere
1144 1677 1345 1761 copiosiores

172 1781 394 1865 expositiones
440 1780 663 1866 compluribus
711 1801 790 1844 sane
828 1779 1044 1866 paragraphis
1091 1781 1345 1868 comprehensas

170 1883 383 1967 intellexisse,
401 1889 529 1951 etiamsi
545 1889 722 1973 scriptores
742 1909 808 1951 non
825 1886 946 1961 dicunt,
965 1909 1007 1949 ex
1021 1889 1103 1972 ipsis
1121 1887 1346 1954 definitionum

170 1990 282 2056 verbis
299 1992 355 2076 (cf.
369 2015 471 2079 supra
482 2016 515 2079 p.
529 1992 651 2078 44-5)
666 1992 783 2059 elucet.
810 1992 854 2057 Et
868 1993 1015 2079 profecto
1028 1995 1050 2056 ii
1062 1993 1136 2076 loci,
1149 2016 1232 2078 quos
1244 1995 1346 2061 Volk-

171 2114 310 2162 mannus
334 2123 365 2184 p.
392 2100 455 2164 152
481 2111 513 2163 et
535 2099 683 2163 Rohdius
708 2122 739 2185 p.
763 2100 874 2165 33-5
898 2088 1067 2164 Ciceronis
1092 2082 1256 2166 drationes
1273 2124 1348 2167 cum

173 2203 332 2270 industria
355 2208 555 2292 perscrutati
578 2205 620 2270 ad
644 2205 782 2270 alterum
814 2206 968 2270 narrandi
1000 2228 1105 2291 genus
1141 2209 1281 2291 trahunt,
1306 2209 1349 2273 ad

173 2332 273 2374 unum
299 2333 413 2376 omnes
438 2311 576 2376 alicuius
610 2323 686 2376 sunt
715 2314 822 2398 spatii.
870 2313 1009 2377 Accedit
1042 2313 1131 2397 quod
1166 2335 1348 2401 anonymus

174 2417 260 2502 Seg,
285 2419 379 2482 cuius
402 2425 653 2510 παραδιηγήσεως
678 2419 863 2503 explicatio,
893 2432 928 2484 ut
950 2421 1103 2503 vidimus,
1126 2421 1348 2487 Romanorum

173 2522 336 2588 simillima
360 2536 421 2607 est,
446 2527 517 2611 ipse
542 2547 673 2613 quoque
689 2525 853 2590 Midianae
871 2524 912 2612 ἕξ
931 2526 993 2591 161
1012 2550 1085 2613 sqq.
1102 2538 1137 2592 ut
1159 2535 1348 2620 παραδιηγή·

175 2658 252 2712 σεως
274 2629 462 2717 exemplum
486 2632 589 2697 affert.

277 2737 347 2802 Nec
376 2760 454 2802 vero
477 2740 676 2824 posteriores
700 2762 720 2803 a
743 2762 834 2805 more
857 2738 912 2804 illo
947 2752 1003 2809 τοῦ
1038 2746 1302 2832 παραδιηγεῒσῦαι,
1327 2743 1347 2805 i.

173 2866 201 2912 e.
226 2846 342 2908 astutis
365 2847 585 2909 narrationem
605 2845 820 2932 principalem
836 2844 1109 2911 adnotatiunculis
1127 2846 1348 2932 adspergendi

173 2950 349 3015 admodum
373 2950 469 3016 alieni
498 2962 599 3017 erant.
648 2951 721 3031 Quo
757 2975 848 3017 more
873 2951 989 3017 Cicero
1025 2953 1172 3017 crebrius
1204 2956 1302 3018 utitur
1312 2954 1345 3040 ³).

280 3197 301 3262 ¹)
322 3197 356 3253 ci
375 3197 411 3252 de
429 3198 510 3251 huius
529 3199 605 3252 vocis
624 3216 677 3252 usu
697 3199 886 3253 Anaximenso
905 3199 985 3253 Blass
1004 3199 1057 3267 11²,
1076 3217 1103 3269 p.
1123 3199 1200 3253 394⁸.

281 3285 302 3351 ¹)
321 3285 374 3339 Hic
393 3287 582 3341 coniecturam
600 3286 727 3357 proferre
751 3289 849 3342 audeo.
887 3287 967 3352 Quod
987 3288 1061 3341 enim
1079 3288 1169 3356 primo
1196 3293 1348 3357 conspectu

175 3372 242 3426 satis
261 3373 363 3427 mirum
383 3391 443 3428 esse
462 3375 574 3429 videtur
594 3379 738 3430 auctorem
763 3379 892 3430 nostrum
914 3380 1066 3445 praecepta
1085 3378 1229 3445 quaedam,
1249 3377 1357 3446 quihus

174 3462 261 3516 solam
296 3463 445 3531 legationis
482 3464 673 3518 narrationem
710 3465 913 3532 complectitur,
944 3465 1067 3533 reliquae
1099 3465 1282 3533 disputationi
1312 3467 1346 3519 ad

176 3550 326 3620 ἀπαγγελίαν
344 3553 484 3620 spectanti
498 3553 690 3621 praemittere,
708 3553 737 3605 id
756 3553 821 3606 inda
841 3553 1048 3621 explicaverim,
1068 3554 1144 3621 quod
1162 3555 1348 3608 Anaximenes

174 3655 242 3708 prae
260 3639 321 3693 ahie
339 3640 513 3708 legationum
532 3641 736 3696 narrationibus
757 3641 922 3695 clarissimas
943 3641 1139 3696 Demosthenis
1157 3646 1187 3697 et
1203 3643 1349 3697 Aeschinis

176 3727 314 3782 orationes
333 3745 359 3783 a.
377 3728 431 3783 343
450 3730 561 3784 habitas
580 3730 716 3785 memoria
727 3731 851 3784 tenuerit
865 3730 910 3799 (cf.
924 3729 1085 3783 Wendland
1098 3749 1126 3799 p.
1140 3732 1174 3785 63
1182 3733 1210 3803 ²).
1244 3732 1303 3797 Qua
1316 3748 1350 3786 ex

174 3835 206 3871 ra
225 3822 423 3888 argumentum
441 3821 581 3889 quoddam
600 3821 731 3887 nascitur,
752 3839 806 3890 quo
824 3822 1023 3891 comprobatur
1041 3822 1211 3876 rhetoricam
1230 3839 1302 3890 quae
1315 3823 1350 3875 ad

176 3910 364 3964 Alexandrum
391 3909 494 3979 fertur,
523 3910 635 3964 circiter
663 3926 687 3963 a.
717 3910 770 3963 340
798 3910 985 3980 conscriptam
1016 3927 1090 3963 esse:
1120 3911 1267 3985 abundans
1298 3909 1350 3963 sci·

175 3997 243 4050 licet
270 4001 474 4068 argumentum,
504 3999 569 4067 quia
596 4001 657 4052 tota
684 3999 754 4052 haec
782 3999 907 4066 quaestio
931 3998 1113 4052 Wendlandii
1142 3999 1277 4066 acumine,
1306 3999 1351 4052 cui

175 4085 318 4140 adnuehst
335 4103 458 4157 papyrus
477 4087 638 4157 nuperrime
656 4091 779 4157 reperta,
798 4089 832 4141 ad
853 4088 958 4141 exitum
977 4089 1097 4142 adducta
1117 4092 1169 4142 est.

283 4175 305 4243 ³)
324 4174 359 4228 cf.
379 4175 534 4229 Preiswerk
552 4194 582 4244 p.
601 4176 720 4244 29-313
739 4177 862 4231 Itohdius
880 4195 907 4246 p.
921 4177 963 4244 33,
984 4177 1031 4245 qui
1047 4176 1089 4230 vir
1102 4178 1199 4232 doctus
1213 4177 1351 4244 quomodo

178 4259 273 4316 Cicero
290 4263 371 4317 initio
399 4265 533 4319 orationis
561 4282 611 4334 pro
630 4265 741 4334 Ligario
769 4265 884 4320 habitae
909 4266 1003 4321 omnia
1021 4266 1057 4320 ad
1077 4283 1157 4319 suum
1175 4265 1352 4320 commodum

176 4351 300 4421 torserit,
326 4352 424 4422 pulcre
453 4354 596 4422 explanat;
625 4353 662 4411 cf.
691 4354 777 4408 etiam
805 4354 842 4408 sis
869 4371 919 4423 pro
949 4353 1077 4408 Cluentio
1097 4354 1166 4424 alt,
1194 4353 1352 4408 Volkmann

176 4438 284 4508 p.161.
