3278 5206
710 421 993 487 -41-·

235 608 357 670 aeuum
385 601 547 688 (ἔνδοξον),
577 609 668 686 torpe
696 603 937 697 (nadeciovll),
965 605 1096 670 dotium
1119 603 1325 697 (ἀμφίδοξον),
1354 605 1412 670 bu·

234 709 310 774 mile
326 707 475 795 (ἄδοξον)ς
501 709 589 796 apud
605 709 800 779 Ciceronem
817 714 977 798 quinque:
999 713 1172 788 honestum,
1190 712 1378 777 admirabile
1387 712 1412 796 2)

234 817 282 895 (ε
304 817 502 908 παράδοξον),
530 817 656 900 iuuenile,
687 840 812 901 anceps,
843 819 1010 884 obscurum
1042 817 1409 908 (δυσπαρακολούθητον).

235 922 442 1003 Quibuscum
469 934 537 989 tres
561 923 634 990 illas
659 935 780 1012 partes,
816 927 849 990 in
874 947 956 1010 quas
979 925 1204 989 Anaximenes
1228 929 1344 994 εὔνοιαν
1365 923 1410 989 di-

233 1031 329 1112 sinit,
361 1051 400 1094 eo
431 1033 535 1115 magis
569 1054 761 1118 comparare
791 1031 878 1114 licet,
913 1034 990 1117 quia
1020 1032 1242 1115 Hermagoras
1275 1033 1348 1118 ipse
1377 1043 1412 1096 ut

233 1144 334 1202 totum
366 1140 578 1223 prooemium,
610 1141 655 1203 ita
681 1161 805 1224 genera
833 1161 964 1225 quoque
993 1159 1168 1204 causarum
1197 1136 1240 1202 ad
1267 1136 1410 1203 benevo-

234 1242 367 1309 lentiam
392 1243 631 1310 conciliandam
654 1246 820 1331 rettulit³).

340 1368 382 1434 cf.
407 1368 514 1433 Anax.
539 1370 638 1448 66,19
664 1354 891 1457 et'85,8sqq.:
917 1375 1057 1450 εὐνοϊκῶς
1078 1373 1197 1461 ἔχουσιν
1213 1375 1242 1439 οἱ
1257 1375 1410 1459 ἀκροαταί

234 1474 424 1560 (honestum
447 1478 574 1561 genus).

339 1583 417 1664 67,4
441 1593 473 1647 et
495 1583 671 1670 85,13sq.:
701 1592 779 1676 μήτε
807 1588 838 1653 εὔ
868 1592 945 1676 μήτε
972 1596 1075 1665 κακῶς
1103 1581 1250 1667 (dubium
1277 1581 1409 1668 genus).

339 1689 436 1770 67‚13
461 1698 493 1753 et
517 1690 694 1777 86,10sq.:
718 1697 874 1782 δυσμενῶς
897 1689 1013 1775 (genus
1037 1692 1154 1775 turpe).

340 1811 536 1899 Singillatim
564 1814 646 1881 haec
676 1816 865 1882 observavi:
895 1815 993 1895 Quod
1016 1817 1050 1879 in
1074 1837 1220 1899 genere
1243 1815 1408 1879 honesto
1523 1842 1526 1847 ·

232 1919 465 2005 Hermagoras,
490 1932 601 2008 utpote
627 1923 682 2008 qui
705 1932 807 1987 totum
832 1921 1002 1988 exordium
1026 1924 1060 1986 iu
1083 1920 1312 1988 benevolentia
1329 1943 1405 1987 con·
1585 1910 1589 1917 ¹

232 2024 391 2090 trahenda
419 2026 600 2112 collocet⁴)‚
633 2032 764 2094 omnino
792 2037 886 2113 nepot
912 2051 977 2094 osse
1001 2027 1261 2112 praefandum),
1293 2027 1408 2094 Cicero

232 2155 311 2199 vero
335 2135 353 2199 Ι
378 2133 475 2217 15,21
501 2144 533 2199 ot
555 2144 670 2201 auctor
693 2136 736 2200 ad
759 2137 799 2201 H.
826 2136 843 2200 I
866 2136 935 2218 4,6:
958 2142 1037 2202 reete
1059 2136 1107 2201 oet
1128 2137 1178 2200 ati
1199 2135 1247 2201 vel
1270 2155 1334 2199 κου
1357 2137 1407 2200 uti
1530 2205 1532 2209 ,

227 2243 391 2324 priuatpio
419 2241 509 2308 licere
532 2241 631 2325 (auct.
657 2244 698 2307 ad
721 2243 778 2329 H.)
803 2243 976 2325 affirmant,
1005 2241 1069 2307 hoc
1094 2242 1276 2327 comparari
1299 2250 1408 2327 potest

233 2370 305 2413 cum
330 2348 437 2416 Anax.
455 2349 568 2427 66,19τ
593 2356 646 2419 ἐὰν
670 2357 723 2442 μὲν
747 2353 798 2420 οὖν
822 2354 900 2421 εὖνοι
922 2356 1109 2442 τυγχάνωσιν
1133 2351 1226 2430 ὄντες,
1251 2355 1407 2439 περίεργον

226 2462 331 2559 ,λέγειν
364 2462 429 2546 περὶ
464 2461 580 2537 εὐνοίας
604 2466 636 2521 et
660 2464 732 2522 cuin
757 2479 919 2544 anonymo
946 2457 1020 2542 Seg.
1045 2458 1099 2538 6,8
1120 2456 1176 2539 (cf.
1193 2456 1323 2538 31,13):
1346 2462 1407 2546 τρί-

230 2589 285 2631 τον
313 2562 377 2648 (bei
400 2567 616 2654 supervadebat
643 2571 685 2633 τὰ
711 2566 879 2656 προοίμια),
910 2571 984 2634 ὅταν
1008 2569 1111 2633 οἰκεῖοι
1135 2567 1204 2632 ὦσιν
1228 2567 1257 2632 οἱ
1280 2567 1408 2632 ἀκούον-

230 2683 302 2749 τες·
331 2676 472 2760 περιττὸν
499 2679 559 2763 γὰρ
587 2678 625 2740 τὸ
653 2677 817 2764 πειρᾶσθαι
845 2676 947 2752 εὔνους
974 2678 1043 2762 ἡμῖν
1068 2683 1162 2740 ποιεῖν
1188 2678 1260 2750 τοὺς
1284 2674 1407 2738 ἀκούον-

231 2803 288 2856 τας
311 2780 440 2857 οἰκείους
463 2779 563 2858 ὄντας,
605 2777 718 2842 Statim
743 2778 866 2842 addere
889 2777 968 2841 mihi
992 2777 1089 2841 liceat
1112 2775 1322 2840 Aristotelem
1351 2773 1405 2856 (cf.

231 2903 332 2968 supra
354 2905 387 2969 p.
413 2882 469 2969 24)
505 2883 618 2949 1415b
645 2884 689 2950 34
723 2885 849 2970 (luha)
874 2895 907 2949 et
930 2883 1124 2949 Ciceronem
1148 2892 1230 2970 part.
1257 2904 1302 2947 or.
1327 2882 1403 2967 4‚13

231 2986 288 3072 (of.
314 2989 423 3075 2297)
455 2992 489 3055 in
516 3013 638 3076 genere
669 2983 893 3074 deliberativo,
922 3001 1093 3078 praeterea
1122 2990 1282 3056 1415a23
1308 2988 1404 3053 etde

230 3104 309 3161 orat.
342 3096 377 3160 Il
408 3098 530 3178 79,320
562 3097 712 3183 (Antou.)
742 3101 775 3164 in
807 3101 918 3186 parvis
950 3100 1060 3163 causis
1091 3097 1257 3184 prooemio
1291 3119 1405 3182 super-

233 3203 415 3267 sedendum
432 3226 507 3269 esse
525 3205 653 3271 docere.
693 3206 774 3270 Item
792 3215 905 3270 auctor
921 3207 962 3270 ad
978 3206 1021 3268 H.
1038 3205 1197 3287 1119,17;
1222 3204 1404 3289 Dionysius

229 3309 344 3390 28,21;
362 3332 545 3396 anonymus
559 3311 634 3396 Seg.
649 3311 668 3397 ξ
681 3313 722 3376 21
734 3333 805 3399 sqq.
815 3314 880 3397 (6,1
898 3312 940 3397 G)
953 3334 1196 3398 nonnumquam
1212 3312 1314 3373 satius
1328 3330 1403 3390 esse

228 3418 426 3503 principium
450 3419 597 3483 omittere
621 3418 827 3488 arbitrantur.
850 3476 851 3479 ,
871 3419 1019 3507 Apparet
1042 3421 1140 3504 igitur
1155 3427 1284 3482 nostros
1302 3416 1403 3502 scrip-

228 3531 317 3589 tores
340 3523 384 3588 ad
406 3547 506 3590 unum
531 3549 645 3591 omnes
670 3525 710 3590 ab
732 3524 1026 3614 Apollodoreorum
1051 3526 1213 3589 sententia
1236 3521 1403 3599 recedere,

229 3721 441 3731 ———

336 3825 358 3894 ¹)
381 3825 458 3881 Haeo
485 3843 538 3881 rox
556 3827 618 3882 voci
636 3821 734 3893 ἔνδοξον
757 3826 895 3881 contraria
919 3828 969 3880 est.
1007 3825 1096 3880 Causa
1120 3827 1222 3887 autam,
1247 3839 1318 3891 quaa
1341 3825 1402 3875 erat

228 3919 297 3983 παρὰ
314 3912 359 3984 τὴν
377 3922 426 3970 τῶν
445 3921 572 3971 δικαστῶν
590 3916 674 3982 δόξαν,
692 3916 781 3985 turpis
800 3916 936 3985 appellari
953 3918 1075 3985 potarat,
1095 3914 1160 3982 quia
1179 3928 1278 3968 causas
1297 3910 1403 3964 iustitia

228 4003 287 4058 solo
305 4003 427 4059 iudicum
445 4004 561 4059 arbitrio
580 4006 737 4060 texebatur.
775 4005 810 4060 cf.
830 4005 928 4059 'Phiela
945 4006 975 4058 ll.
994 4022 1034 4058 co.

335 4093 359 4163 ’)
376 4093 437 4150 Hoc
449 4095 584 4149 vocabulo
596 4095 738 4164 παράδοξον
750 4095 870 4165 pessime
882 4095 1017 4150 redditur.
1046 4094 1081 4149 cf.
1094 4093 1200 4160 Thiara,
1215 4091 1322 4160 quaest
1334 4108 1363 4157 p.
1376 4088 1401 4141 6.

335 4183 355 4250 ⁸)
375 4182 410 4236 cf.
431 4183 527 4238 Thiele
546 4203 572 4253 p.
594 4184 654 4237 116.

333 4274 355 4338 ⁴)
378 4271 451 4327 Item
475 4271 530 4327 (tic.
554 4277 627 4341 part.
650 4291 691 4331 or.
714 4275 789 4342 alb:
812 4274 954 4342 prinmpia
980 4272 1111 4328 sumendo
1133 4271 1170 4326 ad
1193 4266 1400 4325 benevolentiam

226 4360 432 4416 conciliandam.

334 4451 355 4518 ⁶)
375 4452 504 4505 Aurelius
524 4453 695 4522 Augustinus
714 4453 749 4506 da
769 4453 917 4520 rhetorica,
935 4453 1007 4506 rhet.
1028 4452 1089 4508 Lat.
1108 4452 1174 4506 min.
1193 4469 1220 4519 p.
1241 4447 1302 4502 148.
