3278 5206
707 405 926 516 438-

226 634 353 699 Tamen
368 630 534 717 aliquanto
550 629 656 693 fusius
673 627 714 693 de
730 627 793 693 hac
809 651 857 710 re,
876 648 973 713 quam
985 628 1166 714 Dionysius
1182 628 1223 692 de
1235 629 1313 716 Lys.
1328 612 1407 714 283Ι

228 750 260 806 et
291 737 418 804 Tullius
452 739 525 824 ipse
558 735 750 823 (Antonius)
785 735 826 799 de
862 744 941 799 orat.
970 734 1005 798 ΙΙ
1035 735 1155 815 79,321
1194 735 1298 802 obiter
1332 761 1406 824 per·

228 848 401 932 stringunt,
425 846 459 909 iu
482 855 564 931 part.
590 866 636 908 or.
662 844 739 924 838
764 843 906 908 disserit.
946 841 1140 906 Aristoteles
1165 853 1273 908 autem
1294 845 1405 910 1415ο

228 954 316 1039 271):
339 960 405 1043 περὶ
428 957 523 1021 αὐτοῦ
546 957 600 1042 μὲν
622 958 676 1020 καὶ
699 962 752 1019 τοῦ
778 954 940 1031 ἀντιδίκου,
966 954 1025 1018 ὅσα
1047 956 1113 1041 περὶ
1139 955 1289 1043 διαβολὴν
1311 959 1407 1021 λῦσαι

226 1068 279 1131 καὶ
301 1073 425 1146 ποιῆσαι
455 1080 530 1122 cum
559 1057 610 1120 his
639 1055 810 1121 Ciceronis
841 1055 952 1120 verbis
981 1055 1012 1142 (Ι
1039 1057 1148 1142 16,22)
1173 1057 1266 1122 facit:
1290 1061 1320 1124 si
1343 1062 1406 1124 αι’-

227 1170 316 1235 mino
338 1168 442 1232 inlato
464 1170 494 1230 et
523 1164 650 1246 aliquos
678 1166 785 1229 miuus
817 1163 965 1229 honestas
986 1165 1180 1244 suspiciones
1202 1166 1334 1230 iniectos
1356 1167 1407 1230 cu·-

128 1339 131 1344 .
229 1275 350 1340 luemus
374 1269 432 1357 (cf.
456 1280 538 1359 part.
562 1293 608 1336 or.
634 1269 733 1354 8,28).
773 1269 955 1356 Dionysius
980 1278 1094 1334 contra
1116 1268 1191 1350 283
1216 1270 1277 1335 sub
1298 1273 1407 1337 adver·

227 1381 386 1446 sariorum
407 1399 544 1460 persono
569 1377 609 1441 de
634 1375 824 1440 criminibus
849 1373 1070 1441 dissolvendis
1094 1375 1277 1462 loquitur2l.

335 1485 433 1566 Quod
456 1484 598 1569 denique
620 1492 734 1548 auctor
758 1482 800 1547 ad
824 1482 866 1548 H.
891 1491 923 1547 et
948 1481 1064 1547 Cicero
1090 1482 1130 1547 de
1154 1484 1219 1549 inv.
1229 1485 1252 1567 ³)
1276 1484 1406 1549 iudices

229 1592 371 1657 orandos
395 1613 471 1656 esse
496 1591 693 1672 existimant,
717 1600 753 1654 ut
775 1588 870 1682 nobis
893 1587 1016 1653 auxilio
1033 1591 1107 1672 sint,
1131 1589 1166 1654 id
1182 1592 1408 1656 Anaximenes

230 1698 329 1782 55,ss
356 1697 527 1784 significat.

484 1875 515 1942 2.
551 1872 596 1938 ab
624 1873 942 1938 adversariorum
972 1895 1152 1959 persona.

337 2018 376 2082 In
405 2016 467 2082 hae
496 2026 588 2105 perte
618 2038 732 2080 omues
761 2025 912 2081 auctores
941 2015 1149 2081 adversarios
1177 2016 1350 2103 obiurgare
1374 2029 1408 2084 et

229 2124 399 2189 criminari
434 2124 567 2207 docent3
600 2123 660 2187 sed
691 2125 726 2186 in
758 2121 896 2206 singulis
931 2121 1052 2188 Graeci
1087 2132 1118 2187 et
1153 2123 1261 2190 Latini
1297 2125 1407 2189 minus

234 2241 425 2316 congruunt.

375 2426 405 2490 3.
441 2425 486 2491 ab
515 2425 734 2490 auditorum
756 2423 822 2490 vel
844 2409 1050 2510 i'udicumt)
1073 2447 1252 2511 persona.

298 2568 405 2635 Anax.
423 2569 513 2651 863:
530 2576 584 2661 χρὴ
599 2575 637 2637 δὲ
651 2575 704 2637 καὶ
718 2575 792 2649 τοὺς
912 2567 1052 2654 Dionys.
1070 2567 1160 2650 28‚5:
1185 2576 1259 2638 τότε
1278 2576 1315 2638 δὲ
1334 2553 1409 2652 τοὺς

230 2682 381 2756 δικαστὰς
402 2681 532 2767 ἐπαίνῳ
548 2681 790 2767 θεραπεῦσαι,
844 2681 996 2755 δικαστὰς
1023 2682 1176 2743 ἐπαινῶν
1203 2683 1265 2744 καί
1292 2681 1408 2767 θερα-

233 2791 274 2863 ὡς
306 2788 451 2851 δικασταὶ
482 2788 597 2851 δίκαιοι
622 2787 675 2850 καὶ
700 2787 793 2850 δεινοί
845 2785 959 2850 σείων
996 2785 1124 2862 οἰκείους
1154 2785 1254 2871 ἑαυτῷ
1287 2810 1324 2850 τε
1355 2790 1409 2852 καὶ

232 2893 314 2958 εἰσιν.
359 2887 402 2952 cf.
427 2888 513 2970 67,7.
847 2900 890 2977 τῷ
914 2894 1072 2979 πράγματι
1093 2893 1284 2973 καθίστησιν.

340 3010 487 3076 Similem
516 3013 701 3097 opinionem
731 3021 844 3077 auctor
867 3011 909 3076 ad
932 3013 974 3076 H.
1000 3023 1032 3077 et
1055 3011 1173 3080 Cicero
1197 3010 1231 3078 ll.
1256 3036 1304 3077 cc.
1330 3014 1407 3077 affe-

230 3127 320 3199 runt3
349 3127 382 3182 at
409 3117 520 3181 verbis
549 3140 569 3181 a
594 3116 732 3182 Graecis
762 3118 947 3200 discedunt,
976 3119 1041 3183 nisi
1070 3118 1158 3205 quod
1182 3118 1300 3185 (iicero
1326 3142 1410 3184 voce

233 3226 463 3293 adsentationis
486 3227 595 3289 utitur.

342 3401 362 3466 ¹)
381 3399 441 3454 Hoc
460 3398 636 3453 enuntiatum
655 3398 694 3453 sic
712 3398 854 3468 intellego,
878 3402 911 3453 ut
933 3418 977 3453 vv.
1002 3399 1050 3455 ὅσοι
1068 3401 1125 3469 περὶ
1144 3400 1261 3470 διαβολὴν
1280 3408 1353 3457 λῦσαι
1371 3402 1408 3455 ad

187 3474 192 3483 ’
232 3490 289 3558 περὶ
308 3490 390 3556 αὐτοῦ,
409 3507 453 3542 vv.
471 3492 529 3556 περὶ
545 3493 663 3557 διαβολὴν
680 3492 783 3558 ποιῆσαι
801 3489 837 3542 ad
855 3491 909 3558 περὶ
927 3495 972 3544 τοῦ
991 3489 1115 3544 ἀντιδίκου
1132 3489 1253 3544 referum
1266 3490 1309 3556 (cf.
1324 3491 1410 3545 etiem

235 3575 372 3632 1415b18
399 3578 429 3630 et
455 3576 510 3644 37).
547 3576 584 3632 cf.
613 3575 696 3631 [socr.
715 3576 769 3644 frg.
790 3577 807 3630 3
827 3578 905 3643 (Βία
934 3573 960 3633 ἔν
988 3582 1036 3647 γὰρ
1055 3583 1110 3641 ταῖς
1127 3583 1297 3636 καταστάσεσι
1324 3582 1356 3635 τά
1382 3601 1411 3636 τε

234 3662 312 3722 οἰκεία
340 3672 493 3734 συνιστῶμτν
523 3666 567 3720 καὶ
596 3670 633 3720 τὰ
659 3673 721 3722 τῶν
747 3662 898 3722 ἐναντίων
932 3669 1143 3736 διαβάλλομεν
1173 3669 1234 3737 πρὸς
1265 3670 1292 3725 τὸ
1320 3666 1412 3726 οἰκεῖον

236 3752 361 3824 συμφέρον
379 3752 539 3823 ἐργαζόμενα
555 3758 600 3818 τὰς
617 3757 791 3818 καταστάσεις.
1228 3774 1232 3780 ·

343 3847 364 3912 ²)
383 3846 419 3900 ci.
438 3846 518 3899 Marx
535 3865 562 3916 p.
581 3847 643 3902 318.

293 3926 298 3933 ’
343 3935 364 4001 ⁸)
382 3935 472 3988 Aliter
490 3934 586 3990 Cicero
605 3937 732 4003 (Autou.)
752 3937 786 3991 de
805 3939 876 3991 orat.
896 3937 1045 4004 1179,322.
1198 3992 1201 4000 ,

342 4025 364 4089 ⁴)
382 4025 461 4079 Haec
484 4025 620 4079 vocabule
639 4028 667 4079 et
685 4026 760 4094 apud
780 4026 901 4081 Graecos
922 4029 951 4081 et
969 4028 1043 4096 apud
1062 4027 1176 4081 Latinos
1193 4027 1313 4082 invicem
1332 4045 1413 4081 usur·

235 4114 348 4183 pantur.
379 4112 414 4167 cf.
434 4113 532 4167 Rohde
552 4132 579 4183 p.
598 4113 642 4181 19,
662 4114 707 4182 qui
728 4114 892 4169 Ciceronem
910 4116 1007 4169 eodem
1027 4115 1088 4170 fere
1106 4116 1168 4170 loco
1186 4133 1238 4184 pro
1256 4133 1311 4169 uno
1330 4133 1411 4170 voca-

236 4202 301 4256 bulo
320 4201 440 4256 alterum
458 4203 504 4256 vel
522 4202 577 4257 alia
596 4220 706 4272 quoque
723 4205 756 4257 ut
774 4203 797 4257 ii
814 4205 890 4273 apud
908 4221 974 4273 quoa
993 4205 1084 4274 αρίίαν
1103 4204 1151 4274 (de
1169 4208 1241 4259 orat.
1260 4204 1288 4259 11
1300 4203 1412 4274 taam)

237 4291 410 4346 substituisse
434 4291 568 4361 exemplis
591 4291 723 4348 illustrat.
761 4293 841 4348 Addo
865 4296 938 4364 pert.
962 4311 1001 4352 or.
1022 4311 1084 4363 cap.
1103 4294 1129 4361 8,
1152 4294 1201 4348 ubi
1219 4298 1235 4361 ξ
1254 4293 1289 4347 28
1307 4310 1411 4348 nomen

237 4379 451 4448 auctoratorum,
471 4380 534 4452 §29
552 4381 694 4446 auditoris,
713 4382 775 4453 §30
794 4400 889 4437 eorum
907 4383 983 4452 apud
999 4399 1066 4452 ραυυ
1082 4399 1126 4437 res
1138 4388 1234 4453 ορείυν
1245 4384 1357 4438 obviam
1370 4384 1412 4438 fit.

237 4470 400 4540 Anonymus
424 4471 518 4524 autem
538 4469 599 4539 Seg.
619 4472 633 4541 ξ
653 4471 668 4525 7
688 4471 760 4539 (2,19
780 4471 824 4540 G.)
848 4473 945 4527 habet:
969 4469 1071 4529 ἐκτῶν
1091 4473 1222 4541 ἀκροατῶν
1240 4473 1257 4543 ἢ
1276 4479 1412 4532 δασειῶν.
1477 4512 1480 4516 1
