3278 5206
708 419 928 484 ..18-

227 604 261 658 et
284 594 494 660 Aristotelem
522 598 552 660 ri
580 599 688 661 minus
717 606 818 661 totsm
845 599 1133 682 arynmsntctionis
1155 597 1409 689 (ἐπιχειρήματος)

227 701 500 783 distributionem,
530 713 562 767 at
584 705 864 782 exornationis,
887 724 972 790 quae
996 705 1027 768 ei
1051 701 1201 768 subiecta
1222 713 1284 786 est,
1309 725 1408 790 quam

228 815 341 871 suntor
375 809 418 872 ad
446 807 487 872 II.
512 809 669 891 1129,46
704 811 738 874 in
772 810 903 888 similis,
938 811 1087 891 exemplo,
1119 812 1407 893 amplificationem,

225 933 278 979 res
312 916 471 982 indicatas
499 966 506 979 .
533 968 539 981 .
566 962 575 978 .
602 964 610 978 .
645 913 771 998 dividit,
805 925 919 1002 aperte
947 914 1160 1003 deprehendi.
1207 919 1290 983 Nam
1320 920 1408 985 Ans·
1512 986 1517 994 ,

227 1024 377 1088 ximenes
404 1025 477 1105 inl
502 1044 574 1109 sqq.
599 1023 858 1109 unumquodque
880 1035 941 1092 τῶν
964 1031 1092 1094 τελικῶν
1120 1033 1294 1118 κεφαλαίων
1324 1047 1407 1111 quae

227 1131 380 1194 dicuntur
413 1135 445 1212 ἐξ
474 1135 574 1199 αὐτῶν
601 1143 661 1198 τῶν
689 1138 917 1221 προειρημένων,
952 1143 1012 1198 τῶν
1042 1137 1155 1223 ὁμοίων
1181 1137 1312 1214 τούτοις,
1346 1145 1408 1200 τῶν

227 1242 369 1306 benev
396 1243 509 1318 αὐτοῖς,
540 1251 601 1306 τῶν
632 1240 691 1322 ἤδη
715 1245 898 1329 κεκριμένον
921 1238 1149 1302 exornandum
1178 1259 1255 1303 esse
1284 1248 1405 1303 monet.

228 1343 325 1408 Hanc
353 1344 492 1408 eandem
520 1343 782 1408 distributionem
806 1343 1030 1408 Anaximenes
1054 1368 1086 1430 p.
1109 1345 1155 1410 29
1183 1344 1228 1409 sd
1255 1354 1408 1429 quattuor

229 1450 441 1536 comparandi
455 1452 600 1514 rationes
616 1450 867 1516 accommodare
880 1450 1025 1531 videtur3
1049 1451 1189 1515 eandem
1203 1449 1305 1516 habet
1318 1450 1406 1534 tib,

228 1557 285 1621 ubi
318 1557 423 1622 addit:
458 1565 508 1627 hei
532 1564 569 1627 δὲ
596 1564 648 1627 καὶ
674 1565 716 1626 τὰ
742 1564 980 1650 παραδείγματα
1006 1562 1099 1649 ὅμοια
1121 1567 1218 1652 φέρειν
1242 1567 1275 1622 ct
1292 1559 1408 1642 tent.

228 1665 298 1729 Nec
326 1663 389 1729 alis
416 1668 449 1729 in
474 1665 650 1730 Aristotele
679 1665 713 1730 ΙΙ
738 1666 789 1743 25,
797 1664 881 1729 1402
910 1686 930 1728 s
958 1665 1001 1730 36
1024 1687 1075 1750 sq.
1104 1674 1223 1747 exstet,
1249 1687 1312 1752 quo
1335 1664 1407 1729 locc

229 1781 423 1854 arguments
455 1772 670 1837 dissolvenda
705 1793 781 1837 esse
815 1752 983 1867 dicuntur:
1019 1770 1072 1866 ἀφ’
1103 1776 1226 1854 ἑαυτοῦ,
1263 1777 1321 1840 ἀπὸ
1351 1785 1408 1840 τοῦ

229 1882 374 1962 ἐναντίου,
409 1884 466 1947 ἀπὸ
501 1892 558 1949 τοῦ
594 1886 710 1970 ὁμοίου,
729 1883 805 1955 ,ἀπὸ
835 1893 898 1953 τῶν
932 1887 1125 1970 κεκριμένων.
1172 1878 1302 1959 Quibus
1332 1898 1409 1942 cum

227 1981 456 2071 partitionibus
491 2008 557 2050 non
590 1985 688 2050 modo
724 1989 969 2062 exornationem,
1007 2008 1104 2072 quem
1139 1995 1254 2050 erictor
1289 1985 1331 2049 sd
1365 1985 1408 2048 H.

228 2091 337 2172 habet,
362 2091 422 2156 sed
446 2094 544 2156 etiam
566 2094 867 2175 expolitionem)
892 2093 989 2177 (auct.
1015 2092 1057 2156 ad
1074 2093 1115 2156 H.
1132 2093 1181 2157 IV
1197 2090 1311 2177 43‚56)
1334 2101 1409 2178 epte

230 2199 504 2284 comparabimus.
550 2199 645 2265 Haec
660 2202 750 2264 enim
766 2199 882 2284 figure,
905 2221 992 2285 quse
1008 2199 1138 2264 Graece
1158 2206 1247 2291 χρεία
1262 2199 1409 2276 vertitur,

229 2305 474 2369 necessitudine
509 2305 652 2391 quadam
687 2328 763 2369 cum
796 2305 852 2369 illa
886 2305 1137 2389 argumentandi
1171 2307 1298 2370 ratione
1330 2325 1409 2369 con-

231 2413 357 2476 sociata
392 2422 456 2489 est,
499 2412 586 2498 quod
622 2414 732 2476 statim
768 2434 810 2475 ex
847 2412 910 2476 hac
938 2414 1017 2475 ‘eius
1053 2411 1275 2497 descriptione
1311 2432 1410 2497 appa·

231 2516 330 2580 nebit:
355 2519 488 2600 simplex
505 2521 737 2599 pronuntiatio,
769 2518 888 2607 dnplen
904 2520 1135 2598 prcnnntintin
1161 2521 1410 2586 contrarium.

231 2625 369 2702 simile,
403 2626 624 2709 coemptioni,
658 2624 826 2691 conclusio.
874 2625 983 2710 Atque
1013 2624 1056 2687 de
1084 2625 1244 2688 similist
1272 2623 1410 2703 exemplo

231 2739 348 2816 postes
374 2731 608 2818 disputandum
635 2741 697 2814 est,
732 2753 821 2796 nune
847 2753 907 2796 eos
929 2740 1056 2794 tantum
1079 2729 1180 2805 locos,
1209 2728 1267 2792 ubi
1290 2727 1407 2794 Cicero

231 2846 266 2900 et
281 2848 394 2904 auctor
409 2839 451 2904 sd
467 2840 508 2904 H.
527 2839 568 2903 de
585 2859 620 2904 rc
634 2840 777 2904 indicato
801 2835 997 2929 (κεκριμένον)
1021 2836 1208 2922 loquuntur,
1232 2835 1407 2918 afferant.

233 2944 274 3008 cf.
300 2955 430 3030 prseter
458 2945 492 3009 II
516 2946 611 3022 tels
647 2954 815 3009 auctorem
843 2945 887 3008 cd
913 2945 956 3009 Η.
984 2944 998 3006 Ι
1022 2943 1076 3020 6,9
1100 2969 1135 2997 =
1158 2941 1228 3007 Cic.
1253 2943 1270 3006 Ι
1295 2942 1408 3020 17,24;

232 3061 316 3114 auct.
348 3052 391 3115 ed
419 3053 461 3116 H.
486 3053 520 3115 II
546 3054 668 3140 10,14;Δ
694 3052 866 3128 1112,18;
902 3050 1115 3132 1113‚19=
1141 3049 1210 3115 Cic.
1235 3049 1408 3131 1122,68;

232 3166 316 3222 auct.
342 3157 385 3222 ad
408 3159 449 3223 H.
476 3157 620 3242 1114,7;
646 3158 714 3223 Cic.
740 3158 757 3221 I
781 3157 894 3239 30,48;
919 3165 1000 3241 part.
1025 3178 1072 3222 or.
1097 3156 1228 3238 36‚126.

360 3357 410 3433 Ile
438 3354 645 3433 definitione
674 3359 711 3432 et
738 3351 1004 3454 partitionibus
1031 3349 1289 3438 rhetorIcae.³)

340 3531 425 3596 Satis
453 3540 565 3595 notum
592 3541 645 3595 est
670 3530 832 3596 comem
860 3539 894 3594 et
912 3531 1053 3612 Tisism,
1090 3528 1209 3593 deinde
1245 3527 1409 3614 sophistas

232 3638 429 3702 rhetoricam
457 3647 592 3722 putasse
621 3642 743 3719 πειθοῦς
765 3660 842 3702 esse
864 3640 1092 3729 δημιουργόνί).
1139 3635 1247 3715 Quam
1279 3643 1409 3698 senten-

342 3814 361 3880 Ι)
381 3811 539 3865 Volkmann
556 3830 584 3880 p.
604 3812 738 3865 est-ss.

341 3902 362 3972 ²)
382 3901 454 3955 Nam
472 3902 556 3968 locos,
575 3901 624 3954 ubi
643 3901 829 3955 Anaximenes
849 3904 878 3955 ct
896 3900 1061 3954 Aristoteles
1080 3899 1162 3951 huius
1180 3898 1221 3951 rei
1239 3896 1412 3952 mentionem

231 3989 346 4056 faciunt,
370 3989 571 4044 Wendlandius
585 4009 612 4059 p.
623 3990 669 4043 60ι
683 3990 846 4059 composuit.
866 3990 958 4043 Addo:
971 3989 1059 4043 Anax.
1069 3988 1162 4056 89,15;
1176 3987 1258 4041 Arist.
1270 3986 1357 4039 1416a
1366 3986 1410 4039 29.

340 4079 361 4144 ³)
381 4097 406 4132 v.
425 4079 640 4148 copiosissimam
665 4079 809 4149 Spengelii
837 4078 1111 4144 commentationem,
1140 4092 1211 4144 quse
1239 4074 1410 4130 inscribitur:

234 4167 302 4234 „Dis
330 4168 483 4222 DefinitIcn
510 4169 567 4221 und
595 4168 756 4236 Einteilung
782 4169 832 4221 der
851 4167 987 4222 Rheni-ik
1015 4167 1060 4220 bei
1088 4167 1142 4220 den
1161 4164 1272 4228 Alben“,
1300 4163 1353 4217 nh.
1375 4163 1410 4219 M.

231 4256 331 4325 XVIII,
351 4257 429 4325 1863,
448 4277 475 4326 p.
495 4257 646 4312 481-526.

338 4348 360 4412 ⁴)
381 4346 417 4401 cf.
436 4347 595 4401 Volkmann
612 4365 641 4415 p.
660 4346 762 4417 lsqq.;
792 4345 910 4415 Spengel
929 4364 956 4414 p.
976 4344 1028 4398 482
1043 4361 1083 4412 sq.
1090 4364 1097 4410 ;
1128 4341 1285 4396 Wendlsnd
1304 4360 1332 4409 p.
1351 4340 1407 4405 30²;

233 4437 267 4490 de
286 4436 409 4491 Isocrate
429 4437 557 4490 Sheehan
576 4437 593 4488 l.
615 4453 638 4489 c.
658 4454 684 4504 p.
705 4435 739 4488 12
752 4453 792 4503 sq.
