3278 5206
709 421 931 484 ..71-

231 626 294 666 πυν
317 602 386 684 ἔθη,
408 605 656 691 παραδείγματα,
682 597 955 691 [ἐπ]ον8υμήματα,
978 603 1073 679 δόξαν
1100 610 1156 668 τοῦ
1186 605 1345 689 λέγοντος,
1373 596 1414 662 de

236 703 299 772 hae
322 727 402 769 sane
426 727 462 769 re
487 705 574 791 apud
598 703 809 770 Aristotelem
834 701 933 768 altum
958 704 1122 768 silentium
1148 714 1209 785 est,
1233 706 1296 768 nisi
1325 703 1414 790 quod

238 811 374 876 141861
404 818 446 881 τὰ
471 819 710 905 παραδείγματα
737 818 1019 904 δημηγορικώτατο(
1048 812 1105 892 (cf,
1132 812 1305 896 1368a29)
1338 834 1414 876 esse

233 920 290 983 ait·
336 917 391 983 Sic
416 929 529 983 auctor
553 941 684 1005 quoque
708 919 751 983 ad
773 920 814 984 H.
839 919 890 983 ΙΙΙ
913 919 945 1001 3,
963 921 999 1002 4,
1016 918 1047 1001 5,
1065 920 1100 1001 93
1126 917 1242 984 Cicero
1268 919 1308 982 de
1333 929 1412 984 orat.

234 1024 345 1108 1182,
370 1025 450 1108 3353
483 1035 565 1111 part.
590 1048 636 1093 or.
663 1026 716 1107 17,
740 1027 797 1109 583
831 1027 884 1103 27,
911 1025 954 1089 96
982 1027 1016 1089 16
1043 1047 1166 1110 genere
1197 1025 1412 1089 deliberativo

235 1132 391 1218 exempla
415 1155 489 1197 cum
512 1132 649 1197 utilitate
673 1135 826 1217 usurpari
849 1133 1036 1197 admonent.
1120 1217 1122 1222 .

342 1238 430 1318 Quid
453 1249 562 1303 autem
586 1262 707 1304 causae
733 1241 784 1322 sit,
810 1241 924 1302 curin
948 1239 1076 1325 reliqua
1093 1239 1190 1303 huius
1206 1242 1338 1323 generis
1356 1262 1412 1304 ex-

234 1347 396 1430 positione
420 1347 528 1411 Latini
556 1349 745 1432 scriptores,
776 1348 829 1432 qui
858 1347 923 1433 ipsi
946 1345 1048 1411 multa
1073 1347 1257 1410 eommunia
1280 1345 1411 1426 habent,

128 1467 132 1471 ·
234 1452 339 1536 magis
364 1474 462 1538 quam
485 1455 517 1517 in
542 1453 613 1518 aliis
637 1452 815 1538 generibus
839 1475 859 1516 s
876 1452 1014 1518 Graecis
1040 1452 1237 1538 discrepent,
1264 1451 1411 1540 explica·

233 1560 322 1623 tione
345 1562 402 1623 vix
425 1570 509 1645 eget.
548 1560 613 1624 Per
636 1582 672 1624 se
696 1561 783 1624 enim
808 1569 1066 1625 consentaneum
1086 1560 1252 1625 Romanos
1276 1562 1310 1626 16
1335 1583 1411 1626 666-

235 1665 466 1731 sultationibus
491 1689 551 1731 sua
574 1675 606 1731 et
629 1669 761 1753 propria
784 1668 987 1753 praecipere.

342 1827 507 1914 Sequitur,
520 1837 556 1891 ut
570 1829 605 1892 in
616 1827 795 1894 rationem
808 1829 904 1893 bone
916 1829 953 1893 et
964 1827 1117 1894 virtutos
1131 1827 1326 1911 dividendi,
1346 1851 1411 1914 qua

235 1934 363 1998 diversi
386 1944 537 1999 auctores
561 1943 704 2016 utuntur,
722 1935 894 2020 inquiram.
934 1935 1029 1998 Hanc
1046 1937 1131 1997 enim
1149 1935 1409 2020 disquisitionem

238 2039 395 2106 hocloco
420 2041 629 2106 inserendam
654 2064 730 2105 esse
754 2043 876 2127 putavi,
902 2042 978 2126 quia
1000 2042 1034 2104 16
1057 2050 1232 2126 utrumque
1255 2063 1360 2126 genus
1379 2052 1410 2106 et

234 2147 485 2212 deliberativum
510 2159 541 2212 et
565 2147 856 2212 demonstrativum
882 2148 1028 2233 quadrat.
1066 2146 1177 2211 Veluti
1201 2170 1315 2212 omnes
1334 2171 1410 2212 auc-

235 2263 324 2318 tores
354 2255 394 2318 de
425 2254 598 2319 virtutibus
628 2257 660 2319 in
683 2254 734 2318 his
759 2254 889 2320 duobus
913 2257 1112 2319 mentionem
1135 2254 1268 2318 faciunt.
1317 2254 1410 2334 Quae

236 2383 311 2424 cum
340 2364 385 2425 ita
409 2365 483 2442 sint,
511 2385 577 2427 non
601 2361 802 2444 mirabimur,
832 2362 920 2448 quod
943 2364 1106 2426 Antonius
1130 2361 1172 2425 de
1196 2371 1274 2427 orat.
1298 2362 1332 2425 ll
1357 2363 1410 2439 81,

233 2467 315 2532 383;
345 2491 441 2551 usque
467 2491 553 2544 sone,
583 2471 698 2555 inquit,
726 2473 792 2534 totu
820 2490 918 2535 causo
944 2470 1164 2549 videturesse,
1189 2490 1410 2535 curseceruo-

233 2595 304 2638 mus
336 2596 374 2639 ea
392 2581 570 2658 praecepto,
596 2598 676 2658 quae
699 2577 736 2640 de
759 2577 961 2641 suasionibus
984 2577 1140 2641 trodeudu
1161 2584 1237 2642 suut
1259 2583 1316 2642 cut
1339 2578 1408 2642 luu-

230 2681 423 2747 dationibus.
464 2682 548 2749 Sunt
572 2687 655 2747 euiut
673 2684 825 2764 pleraque
842 2685 1029 2748 commuuio.
1071 2681 1195 2747 Similia
1212 2684 1299 2769 apud
1315 2685 1408 2748 Aris-

231 2785 364 2850 totelem
390 2788 551 2852 1367636
576 2798 720 2853 exstanti
746 2792 806 2880 ἔχει
828 2795 865 2857 δὲ
888 2796 988 2857 κοινὸν
1012 2790 1093 2869 εἶδος
1117 2795 1133 2857 ὁ
1158 2793 1275 2871 ἔπαινος
1298 2799 1350 2860 καὶ
1374 2797 1406 2860 αἱ

230 2897 404 2983 συμβουλαί
432 2904 493 2958 etc.
540 2893 753 2959 Philodemus
782 2904 892 2959 autem
915 2895 931 2958 Ι
956 2896 1020 2959 212
1035 2895 1067 2960 S.
1096 2904 1169 2976 ποὺς
1196 2902 1333 2978 ἐπαίνους
1357 2905 1410 2966 καὶ

231 3002 348 3088 ψόγους
375 3001 419 3063 ita
450 3000 571 3079 definit,
602 3011 638 3064 ut
669 3000 728 3065 tibi
762 3001 1021 3067 cohortationum
1050 3002 1273 3067 definitionem
1295 3003 1407 3089 legere

230 3105 390 3170 videaris:
419 3115 460 3176 τὰ
486 3114 523 3176 δὲ
552 3107 611 3188 (se.
639 3116 705 3200 περὶ
732 3117 806 3189 τοὺς
833 3114 970 3190 ἐπαίνους
991 3116 1044 3178 καὶ
1067 3114 1184 3201 ψόγους
1206 3115 1336 3203 ἔφασαν)
1361 3117 1408 3180 ἐπὶ

229 3219 287 3292 τὰς
310 3217 422 3305 ἀρετὰς
442 3224 615 3305 προτρέπειν
638 3222 689 3284 uul
712 3229 772 3283 τῶν
796 3229 909 3284 κακιῶν
931 3221 1139 3286 ἀπαλλάττειν
1149 3216 1180 3301 1).
1321 3309 1323 3312 ⁴

338 3320 447 3404 Atque
481 3321 669 3406 principalis
702 3321 865 3387 bonorum
896 3323 1013 3386 divisio
1045 3345 1150 3408 eaque
1181 3325 1350 3388 tritissima
1374 3335 1406 3389 et

233 3448 292 3509 per
315 3435 413 3489 totam
438 3429 661 3512 antiquitatem
684 3427 781 3493 valde
806 3431 924 3493 usitata
947 3432 992 3493 ita
1016 3439 1066 3493 est
1089 3431 1258 3515 tripertita,
1282 3440 1317 3494 ut
1339 3430 1404 3495 dis-

228 3533 418 3616 tinguantur
442 3535 471 3596 1.
488 3536 605 3616 -animi,
630 3535 661 3598 2.
687 3537 834 3620 eorporis
858 3534 954 3615 bona,
979 3537 1010 3600 3.
1026 3558 1081 3599 res
1099 3540 1299 3620 externae‘2).
1335 3539 1403 3603 Nec

228 3638 327 3722 igitur
349 3639 436 3724 apud
460 3640 642 3705 Isocratem
658 3641 719 3727 (Vl
738 3642 814 3726 105)
838 3664 900 3706 666
916 3642 1005 3728 apud
1021 3641 1188 3707 Platonem
1197 3644 1219 3727 ³)
1237 3667 1298 3708 nec
1315 3647 1403 3731 apud

336 3905 357 3970 1)
377 3903 413 3958 of.
433 3906 519 3959 etiam
537 3906 572 3960 de
591 3909 661 3959 orat.
681 3903 752 3969 119,
772 3906 819 3974 353
839 3907 925 3974 Kroll,
945 3908 997 3960 Rh.
1018 3907 1054 3959 M.
1074 3906 1109 3960 58
1128 3926 1155 3975 p.
1174 3907 1241 3966 667.

336 3992 357 4060 ²)
377 3993 410 4048 ei.
435 3993 559 4062 Spengel
578 3995 614 4047 sd
632 3994 716 4048 Arist.
737 3995 877 4064 1360626,
900 4015 928 4064 p.
948 3995 1067 4063 90-91;
1089 3997 1225 4049 Arieth:
1244 3997 1296 4051 Die
1315 4002 1403 4052 meta-

227 4081 396 4149 physischen
409 4083 590 4152 Grundlegen
604 4085 653 4138 der
666 4084 748 4138 Arist.
758 4085 851 4152 Ethik,
866 4086 939 4153 Prsg
952 4085 1030 4155 1903,
1043 4085 1072 4138 in
1085 4085 1240 4155 appendice
1252 4105 1279 4154 p.
1293 4087 1401 4156 62sqq.,

226 4170 275 4237 qui
293 4171 337 4225 vir
356 4172 455 4227 doctus
473 4191 535 4228 cum
555 4173 666 4228 omnino
687 4174 721 4227 de
740 4175 876 4229 bonorum
894 4175 1044 4243 generibus
1064 4175 1098 4229 ab
1117 4175 1268 4229 Aristotele
1288 4177 1401 4230 statutis

229 4259 295 4328 egit,
318 4264 379 4315 tum
401 4262 475 4316 illius
498 4263 572 4317 bons
593 4263 734 4331 tripertito
761 4264 904 4318 dividendi
922 4264 1036 4318 rationis
1055 4265 1144 4319 multa
1163 4265 1291 4333 exempla
1309 4263 1399 4326 affert

227 4346 334 4417 Kayser
351 4350 380 4403 in
399 4352 599 4407 commentario
618 4372 646 4421 p.
665 4352 726 4419 272,
746 4353 942 4407 Mutschmunn
960 4371 987 4422 p.
1002 4354 1080 4421 1-2,
1094 4354 1137 4422 60,
1156 4353 1222 4422 (div.
1237 4355 1251 4406 1
1266 4353 1310 4421 [5],
1326 4354 1400 4422 [sep.

335 4439 355 4507 ⁸)
375 4439 410 4494 cf.
431 4442 558 4510 exempla
578 4459 594 4495 a
613 4441 763 4511 Spengelio
783 4449 813 4498 et
831 4443 1045 4497 Mutsehmenno
1065 4447 1208 4512 congesta.
