<?xml version="1.0" encoding="UTF-8"?>
<!DOCTYPE html PUBLIC "-//W3C//DTD XHTML 1.0 Transitional//EN"
    "http://www.w3.org/TR/xhtml1/DTD/xhtml1-transitional.dtd">
<html xmlns="http://www.w3.org/1999/xhtml" xml:lang="en" lang="en">
 <head>
  <title>
</title>
<meta http-equiv="Content-Type" content="text/html;charset=utf-8" />
  <meta name='ocr-system' content='tesseract 3.04.00' />
  <meta name='ocr-capabilities' content='ocr_page ocr_carea ocr_par ocr_line ocrx_word'/>
</head>
<body>
  <div class='ocr_page' id='page_1' title='image "./derationibusint00petegoog_0048.png"; bbox 0 0 3278 5206; ppageno 0'>
   <div class='ocr_carea' id='block_1_1' title="bbox 651 422 870 486">
    <p class='ocr_par' dir='ltr' id='par_1_1' title="bbox 651 422 870 486">
     <span class='ocr_line' id='line_1_1' title="bbox 651 422 870 486; baseline 0 -17"><span class='ocrx_word' id='word_1_1' title='bbox 651 422 870 486; x_wconf 69' lang='lat'><strong>..45-</strong></span> 
     </span>
    </p>
   </div>
   <div class='ocr_carea' id='block_1_2' title="bbox 174 601 1361 1647">
    <p class='ocr_par' dir='ltr' id='par_1_2' title="bbox 174 601 1349 789">
     <span class='ocr_line' id='line_1_2' title="bbox 174 601 1349 681; baseline 0.001 -14"><span class='ocrx_word' id='word_1_2' title='bbox 174 621 290 668; x_wconf 83' lang='lat' dir='ltr'><strong>uuum</strong></span> <span class='ocrx_word' id='word_1_3' title='bbox 324 618 424 681; x_wconf 80' lang='lat' dir='ltr'><strong>peuus</strong></span> <span class='ocrx_word' id='word_1_4' title='bbox 458 607 511 681; x_wconf 82' lang='lat' dir='ltr'><strong>eet,</strong></span> <span class='ocrx_word' id='word_1_5' title='bbox 547 601 582 665; x_wconf 85' lang='lat' dir='ltr'><strong>iu</strong></span> <span class='ocrx_word' id='word_1_6' title='bbox 616 619 676 681; x_wconf 81' lang='lat' dir='ltr'><strong>quo</strong></span> <span class='ocrx_word' id='word_1_7' title='bbox 710 601 783 681; x_wconf 71' lang='lat' dir='ltr'><strong>apsa</strong></span> <span class='ocrx_word' id='word_1_8' title='bbox 812 607 962 666; x_wconf 75' lang='lat' dir='ltr'><strong>causari</strong></span> <span class='ocrx_word' id='word_1_9' title='bbox 990 601 1092 668; x_wconf 78' lang='lat' dir='ltr'><strong>omnis</strong></span> <span class='ocrx_word' id='word_1_10' title='bbox 1118 605 1200 668; x_wconf 81' lang='lat' dir='ltr'><strong>ratio</strong></span> <span class='ocrx_word' id='word_1_11' title='bbox 1229 609 1349 668; x_wconf 83' lang='lat' dir='ltr'><strong>coutro-</strong></span> 
     </span>
     <span class='ocr_line' id='line_1_3' title="bbox 175 705 536 789; baseline 0 -17"><span class='ocrx_word' id='word_1_12' title='bbox 175 715 295 775; x_wconf 75' lang='lat' dir='ltr'><strong><em>versiae</em></strong></span> <span class='ocrx_word' id='word_1_13' title='bbox 317 710 493 773; x_wconf 83' lang='lat' dir='ltr'><strong>contiuetur</strong></span> <span class='ocrx_word' id='word_1_14' title='bbox 504 705 536 789; x_wconf 84' lang='lat'><strong>¹).</strong></span> 
     </span>
    </p>

    <p class='ocr_par' dir='ltr' id='par_1_3' title="bbox 174 811 1361 1647">
     <span class='ocr_line' id='line_1_4' title="bbox 282 811 1349 901; baseline -0.002 -19"><span class='ocrx_word' id='word_1_15' title='bbox 282 814 416 882; x_wconf 81' lang='lat' dir='ltr'>Praeter</span> <span class='ocrx_word' id='word_1_16' title='bbox 450 811 536 878; x_wconf 90' lang='lat' dir='ltr'><strong>hanc</strong></span> <span class='ocrx_word' id='word_1_17' title='bbox 574 815 792 877; x_wconf 78' lang='lat' dir='ltr'><strong>narrationem</strong></span> <span class='ocrx_word' id='word_1_18' title='bbox 828 815 960 899; x_wconf 82' lang='lat' dir='ltr'>proprie</span> <span class='ocrx_word' id='word_1_19' title='bbox 999 813 1119 878; x_wconf 89' lang='lat' dir='ltr'><strong>dietam</strong></span> <span class='ocrx_word' id='word_1_20' title='bbox 1156 817 1222 880; x_wconf 91' lang='lat' dir='ltr'><strong>iam</strong></span> <span class='ocrx_word' id='word_1_21' title='bbox 1261 815 1349 901; x_wconf 90' lang='lat' dir='ltr'><strong>apud</strong></span> 
     </span>
     <span class='ocr_line' id='line_1_5' title="bbox 175 919 1349 1008; baseline 0.002 -24"><span class='ocrx_word' id='word_1_22' title='bbox 175 921 420 1006; x_wconf 89' lang='lat' dir='ltr'><strong>antiquissimos</strong></span> <span class='ocrx_word' id='word_1_23' title='bbox 444 919 627 984; x_wconf 79' lang='lat' dir='ltr'><strong>rhetoricae</strong></span> <span class='ocrx_word' id='word_1_24' title='bbox 655 921 831 1004; x_wconf 86' lang='lat' dir='ltr'><strong>magistros</strong></span> <span class='ocrx_word' id='word_1_25' title='bbox 865 919 949 984; x_wconf 87' lang='lat' dir='ltr'><strong>aliae</strong></span> <span class='ocrx_word' id='word_1_26' title='bbox 973 924 1194 987; x_wconf 77' lang='lat' dir='ltr'><strong>narrationum</strong></span> <span class='ocrx_word' id='word_1_27' title='bbox 1218 925 1349 1008; x_wconf 86' lang='lat' dir='ltr'><strong>species</strong></span> 
     </span>
     <span class='ocr_line' id='line_1_6' title="bbox 175 1026 1348 1120; baseline 0 -25"><span class='ocrx_word' id='word_1_28' title='bbox 175 1036 358 1095; x_wconf 85' lang='lat' dir='ltr'><strong>occurrunt</strong></span> <span class='ocrx_word' id='word_1_29' title='bbox 401 1026 486 1091; x_wconf 90' lang='lat' dir='ltr'><strong>Nam</strong></span> <span class='ocrx_word' id='word_1_30' title='bbox 509 1026 720 1091; x_wconf 85' lang='lat' dir='ltr'><strong>Theodorum</strong></span> <span class='ocrx_word' id='word_1_31' title='bbox 737 1028 954 1114; x_wconf 84' lang='lat' dir='ltr'><strong>Byzantinum</strong></span> <span class='ocrx_word' id='word_1_32' title='bbox 977 1034 1124 1119; x_wconf 76' lang='grc' dir='ltr'>διήγησιν,</span> <span class='ocrx_word' id='word_1_33' title='bbox 1141 1035 1348 1120; x_wconf 74' lang='grc' dir='ltr'><strong>τροδιήγησιν,</strong></span> 
     </span>
     <span class='ocr_line' id='line_1_7' title="bbox 175 1133 1361 1226; baseline -0.006 -21"><span class='ocrx_word' id='word_1_34' title='bbox 175 1142 359 1226; x_wconf 75' lang='grc' dir='ltr'>ἐτιδιήγηοιν</span> <span class='ocrx_word' id='word_1_35' title='bbox 382 1143 450 1199; x_wconf 84' lang='lat' dir='ltr'><strong>arte</strong></span> <span class='ocrx_word' id='word_1_36' title='bbox 480 1156 540 1198; x_wconf 90' lang='lat' dir='ltr'><strong>sua</strong></span> <span class='ocrx_word' id='word_1_37' title='bbox 563 1133 772 1220; x_wconf 88' lang='lat' dir='ltr'><strong>complexum</strong></span> <span class='ocrx_word' id='word_1_38' title='bbox 796 1156 871 1199; x_wconf 88' lang='lat' dir='ltr'><strong>esse</strong></span> <span class='ocrx_word' id='word_1_39' title='bbox 896 1134 1361 1211; x_wconf 66' lang='lat' dir='ltr'><strong>exAristot.11113‚1414b‘</strong></span> 
     </span>
     <span class='ocr_line' id='line_1_8' title="bbox 176 1240 1349 1326; baseline -0.004 -17"><span class='ocrx_word' id='word_1_40' title='bbox 176 1243 217 1309; x_wconf 85' lang='lat'><strong>14</strong></span> <span class='ocrx_word' id='word_1_41' title='bbox 241 1243 383 1322; x_wconf 82' lang='lat' dir='ltr'><strong>acimus3</strong></span> <span class='ocrx_word' id='word_1_42' title='bbox 421 1262 485 1326; x_wconf 94' lang='lat' dir='ltr'><strong>quo</strong></span> <span class='ocrx_word' id='word_1_43' title='bbox 521 1250 627 1305; x_wconf 90' lang='lat' dir='ltr'><strong>autem</strong></span> <span class='ocrx_word' id='word_1_44' title='bbox 663 1240 771 1323; x_wconf 80' lang='lat'>10002)</span> <span class='ocrx_word' id='word_1_45' title='bbox 795 1240 991 1306; x_wconf 86' lang='lat' dir='ltr'><strong>Theodorus</strong></span> <span class='ocrx_word' id='word_1_46' title='bbox 1015 1241 1075 1306; x_wconf 88' lang='lat' dir='ltr'><strong>has</strong></span> <span class='ocrx_word' id='word_1_47' title='bbox 1104 1241 1253 1306; x_wconf 89' lang='lat' dir='ltr'><strong>diversas</strong></span> <span class='ocrx_word' id='word_1_48' title='bbox 1276 1264 1349 1305; x_wconf 83' lang='lat' dir='ltr'><strong>nar·-</strong></span> 
     </span>
     <span class='ocr_line' id='line_1_9' title="bbox 174 1345 1351 1433; baseline 0 -21"><span class='ocrx_word' id='word_1_49' title='bbox 174 1351 318 1413; x_wconf 89' lang='lat' dir='ltr'><strong>rationes</strong></span> <span class='ocrx_word' id='word_1_50' title='bbox 362 1345 586 1428; x_wconf 79' lang='lat' dir='ltr'><strong>collocaverit,</strong></span> <span class='ocrx_word' id='word_1_51' title='bbox 626 1369 692 1410; x_wconf 91' lang='lat' dir='ltr'><strong>nou</strong></span> <span class='ocrx_word' id='word_1_52' title='bbox 732 1346 962 1433; x_wconf 76' lang='lat' dir='ltr'><strong>comperimus,</strong></span> <span class='ocrx_word' id='word_1_53' title='bbox 1024 1346 1067 1411; x_wconf 83' lang='lat' dir='ltr'><strong>Et</strong></span> <span class='ocrx_word' id='word_1_54' title='bbox 1111 1347 1251 1412; x_wconf 85' lang='lat' dir='ltr'><strong>fortasse</strong></span> <span class='ocrx_word' id='word_1_55' title='bbox 1294 1347 1351 1412; x_wconf 85' lang='lat' dir='ltr'><strong>illa</strong></span> 
     </span>
     <span class='ocr_line' id='line_1_10' title="bbox 174 1452 1351 1542; baseline -0.001 -23"><span class='ocrx_word' id='word_1_56' title='bbox 174 1457 346 1542; x_wconf 80' lang='lat' dir='ltr'><strong>partitione</strong></span> <span class='ocrx_word' id='word_1_57' title='bbox 380 1453 490 1519; x_wconf 89' lang='lat' dir='ltr'><strong>subtili</strong></span> <span class='ocrx_word' id='word_1_58' title='bbox 524 1452 606 1519; x_wconf 89' lang='lat' dir='ltr'><strong>nihil</strong></span> <span class='ocrx_word' id='word_1_59' title='bbox 641 1453 730 1518; x_wconf 89' lang='lat' dir='ltr'><strong>aliud</strong></span> <span class='ocrx_word' id='word_1_60' title='bbox 763 1454 990 1540; x_wconf 81' lang='lat' dir='ltr'><strong>praescribere</strong></span> <span class='ocrx_word' id='word_1_61' title='bbox 1024 1454 1136 1533; x_wconf 88' lang='lat' dir='ltr'><strong>voluit,</strong></span> <span class='ocrx_word' id='word_1_62' title='bbox 1171 1457 1235 1519; x_wconf 92' lang='lat' dir='ltr'><strong>nisi</strong></span> <span class='ocrx_word' id='word_1_63' title='bbox 1263 1454 1351 1540; x_wconf 92' lang='lat' dir='ltr'><strong>quod</strong></span> 
     </span>
     <span class='ocr_line' id='line_1_11' title="bbox 175 1558 1351 1647; baseline -0.001 -18"><span class='ocrx_word' id='word_1_64' title='bbox 175 1561 353 1629; x_wconf 84' lang='lat' dir='ltr'><strong>Isocratem</strong></span> <span class='ocrx_word' id='word_1_65' title='bbox 383 1562 639 1647; x_wconf 83' lang='lat' dir='ltr'><strong>praescripsisse</strong></span> <span class='ocrx_word' id='word_1_66' title='bbox 671 1558 854 1645; x_wconf 84' lang='lat' dir='ltr'><strong>fragmento</strong></span> <span class='ocrx_word' id='word_1_67' title='bbox 890 1562 911 1625; x_wconf 87' lang='grc'>4</span> <span class='ocrx_word' id='word_1_68' title='bbox 940 1559 1016 1647; x_wconf 82' lang='lat' dir='ltr'><strong>(Bl.)</strong></span> <span class='ocrx_word' id='word_1_69' title='bbox 1043 1561 1212 1626; x_wconf 91' lang='lat' dir='ltr'><strong>docemur:</strong></span> <span class='ocrx_word' id='word_1_70' title='bbox 1249 1571 1289 1642; x_wconf 79' lang='grc' dir='ltr'><strong>ὡς</strong></span> <span class='ocrx_word' id='word_1_71' title='bbox 1320 1568 1351 1629; x_wconf 79' lang='grc' dir='ltr'><strong>ὲν</strong></span> 
     </span>
    </p>
   </div>
   <div class='ocr_carea' id='block_1_3' title="bbox 106 1674 1352 2180">
    <p class='ocr_par' dir='ltr' id='par_1_4' title="bbox 106 1674 1352 2180">
     <span class='ocr_line' id='line_1_12' title="bbox 174 1674 1352 1763; baseline -0.002 -25"><span class='ocrx_word' id='word_1_72' title='bbox 174 1679 213 1763; x_wconf 81' lang='grc' dir='ltr'><strong>τῇ</strong></span> <span class='ocrx_word' id='word_1_73' title='bbox 245 1675 385 1759; x_wconf 77' lang='grc' dir='ltr'>διηγήσει</span> <span class='ocrx_word' id='word_1_74' title='bbox 417 1674 544 1737; x_wconf 86' lang='grc' dir='ltr'>λεκτέον</span> <span class='ocrx_word' id='word_1_75' title='bbox 578 1675 615 1736; x_wconf 85' lang='grc' dir='ltr'><strong>τό</strong></span> <span class='ocrx_word' id='word_1_76' title='bbox 649 1695 685 1736; x_wconf 80' lang='grc' dir='ltr'><strong>τε</strong></span> <span class='ocrx_word' id='word_1_77' title='bbox 720 1679 846 1759; x_wconf 74' lang='grc' dir='ltr'><strong>πρᾶγμα</strong></span> <span class='ocrx_word' id='word_1_78' title='bbox 868 1674 921 1737; x_wconf 84' lang='grc' dir='ltr'><strong>καὶ</strong></span> <span class='ocrx_word' id='word_1_79' title='bbox 943 1675 984 1737; x_wconf 83' lang='grc' dir='ltr'><strong>τὰ</strong></span> <span class='ocrx_word' id='word_1_80' title='bbox 1006 1675 1063 1759; x_wconf 86' lang='grc' dir='ltr'><strong>πρὸ</strong></span> <span class='ocrx_word' id='word_1_81' title='bbox 1087 1681 1142 1737; x_wconf 79' lang='grc' dir='ltr'><strong>τοῦ</strong></span> <span class='ocrx_word' id='word_1_82' title='bbox 1169 1675 1352 1760; x_wconf 83' lang='grc' dir='ltr'>πράγματος</span> 
     </span>
     <span class='ocr_line' id='line_1_13' title="bbox 106 1773 1350 1866; baseline -0.005 -21"><span class='ocrx_word' id='word_1_83' title='bbox 106 1805 110 1810; x_wconf 92' lang='grc'><strong><em>·</em></strong></span> <span class='ocrx_word' id='word_1_84' title='bbox 174 1782 227 1844; x_wconf 86' lang='grc' dir='ltr'><strong>καὶ</strong></span> <span class='ocrx_word' id='word_1_85' title='bbox 248 1783 290 1844; x_wconf 84' lang='grc' dir='ltr'><strong>τὰ</strong></span> <span class='ocrx_word' id='word_1_86' title='bbox 313 1783 396 1866; x_wconf 62' lang='grc' dir='ltr'>μετὰ·</span> <span class='ocrx_word' id='word_1_87' title='bbox 415 1781 452 1843; x_wconf 88' lang='grc' dir='ltr'><strong>τὸ</strong></span> <span class='ocrx_word' id='word_1_88' title='bbox 474 1786 611 1866; x_wconf 78' lang='grc' dir='ltr'><strong>πρᾶγμα.</strong></span> <span class='ocrx_word' id='word_1_89' title='bbox 660 1775 770 1859; x_wconf 90' lang='lat' dir='ltr'><strong>Atque</strong></span> <span class='ocrx_word' id='word_1_90' title='bbox 795 1773 997 1859; x_wconf 84' lang='lat' dir='ltr'><strong>Aristoteli³)</strong></span> <span class='ocrx_word' id='word_1_91' title='bbox 1031 1775 1164 1858; x_wconf 90' lang='lat' dir='ltr'><strong>quidem</strong></span> <span class='ocrx_word' id='word_1_92' title='bbox 1186 1773 1350 1840; x_wconf 79' lang='lat' dir='ltr'><strong>Theodori</strong></span> 
     </span>
     <span class='ocr_line' id='line_1_14' title="bbox 175 1880 1348 1970; baseline -0.003 -22"><span class='ocrx_word' id='word_1_93' title='bbox 175 1881 347 1970; x_wconf 86' lang='lat' dir='ltr'><strong>disciplina</strong></span> <span class='ocrx_word' id='word_1_94' title='bbox 386 1880 562 1968; x_wconf 77' lang='lat' dir='ltr'><strong>displicuit,</strong></span> <span class='ocrx_word' id='word_1_95' title='bbox 602 1891 638 1945; x_wconf 92' lang='lat' dir='ltr'><strong>ut</strong></span> <span class='ocrx_word' id='word_1_96' title='bbox 676 1903 718 1945; x_wconf 87' lang='lat' dir='ltr'><strong>ex</strong></span> <span class='ocrx_word' id='word_1_97' title='bbox 757 1881 881 1946; x_wconf 83' lang='lat' dir='ltr'>1414b</span> <span class='ocrx_word' id='word_1_98' title='bbox 920 1881 1052 1946; x_wconf 77' lang='lat'>15-18</span> <span class='ocrx_word' id='word_1_99' title='bbox 1093 1880 1348 1966; x_wconf 73' lang='lat' dir='ltr'><strong>cognoscitur4).</strong></span> 
     </span>
     <span class='ocr_line' id='line_1_15' title="bbox 177 1987 1350 2079; baseline -0.002 -26"><span class='ocrx_word' id='word_1_100' title='bbox 177 1989 304 2055; x_wconf 73' lang='lat' dir='ltr'><strong>Rursus</strong></span> <span class='ocrx_word' id='word_1_101' title='bbox 329 1987 483 2073; x_wconf 86' lang='lat' dir='ltr'><strong>Stagirita</strong></span> <span class='ocrx_word' id='word_1_102' title='bbox 516 1994 762 2079; x_wconf 77' lang='grc' dir='ltr'><strong>παραδιηγέγσεις,</strong></span> <span class='ocrx_word' id='word_1_103' title='bbox 800 1987 919 2074; x_wconf 90' lang='lat' dir='ltr'><strong>quibus</strong></span> <span class='ocrx_word' id='word_1_104' title='bbox 947 2009 1025 2052; x_wconf 92' lang='lat' dir='ltr'><strong>num</strong></span> <span class='ocrx_word' id='word_1_105' title='bbox 1050 1988 1245 2054; x_wconf 85' lang='lat' dir='ltr'><strong>Theodorus</strong></span> <span class='ocrx_word' id='word_1_106' title='bbox 1269 2009 1350 2052; x_wconf 90' lang='lat' dir='ltr'><strong>usus</strong></span> 
     </span>
     <span class='ocr_line' id='line_1_16' title="bbox 176 2095 1349 2180; baseline -0.003 -18"><span class='ocrx_word' id='word_1_107' title='bbox 176 2099 218 2162; x_wconf 88' lang='lat' dir='ltr'><strong>sit</strong></span> <span class='ocrx_word' id='word_1_108' title='bbox 255 2097 488 2180; x_wconf 80' lang='lat' dir='ltr'><strong>ignoramus⁵)‚</strong></span> <span class='ocrx_word' id='word_1_109' title='bbox 526 2095 691 2160; x_wconf 88' lang='lat' dir='ltr'><strong>interdum</strong></span> <span class='ocrx_word' id='word_1_110' title='bbox 729 2118 794 2160; x_wconf 92' lang='lat' dir='ltr'><strong>non</strong></span> <span class='ocrx_word' id='word_1_111' title='bbox 833 2095 1058 2160; x_wconf 90' lang='lat' dir='ltr'><strong>incommodas</strong></span> <span class='ocrx_word' id='word_1_112' title='bbox 1105 2117 1181 2159; x_wconf 86' lang='lat' dir='ltr'><strong>ease</strong></span> <span class='ocrx_word' id='word_1_113' title='bbox 1227 2104 1349 2159; x_wconf 86' lang='lat' dir='ltr'><strong>censet.</strong></span> 
     </span>
    </p>
   </div>
   <div class='ocr_carea' id='block_1_4' title="bbox 174 2201 1352 2292">
    <p class='ocr_par' dir='ltr' id='par_1_5' title="bbox 174 2201 1352 2292">
     <span class='ocr_line' id='line_1_17' title="bbox 174 2201 1352 2292; baseline 0.002 -26"><span class='ocrx_word' id='word_1_114' title='bbox 174 2203 258 2268; x_wconf 85' lang='lat' dir='ltr'><strong>Nam</strong></span> <span class='ocrx_word' id='word_1_115' title='bbox 280 2202 335 2269; x_wconf 89' lang='lat' dir='ltr'><strong>III</strong></span> <span class='ocrx_word' id='word_1_116' title='bbox 358 2203 410 2281; x_wconf 87' lang='lat'><strong>16,</strong></span> <span class='ocrx_word' id='word_1_117' title='bbox 416 2203 530 2267; x_wconf 71' lang='lat' dir='ltr'><strong>ldlva</strong></span> <span class='ocrx_word' id='word_1_118' title='bbox 552 2203 573 2267; x_wconf 87' lang='grc'><strong><em>3</em></strong></span> <span class='ocrx_word' id='word_1_119' title='bbox 598 2224 647 2287; x_wconf 92' lang='lat' dir='ltr'><strong>sq.</strong></span> <span class='ocrx_word' id='word_1_120' title='bbox 672 2201 802 2265; x_wconf 85' lang='lat' dir='ltr'><strong>suadet:</strong></span> <span class='ocrx_word' id='word_1_121' title='bbox 834 2206 1146 2292; x_wconf 68' lang='grc' dir='ltr'>ταραδιηγτῒσῦαι</span> <span class='ocrx_word' id='word_1_122' title='bbox 1169 2208 1207 2270; x_wconf 76' lang='grc' dir='ltr'><strong>δὲ</strong></span> <span class='ocrx_word' id='word_1_123' title='bbox 1229 2207 1288 2270; x_wconf 86' lang='grc' dir='ltr'><strong>ὅσα</strong></span> <span class='ocrx_word' id='word_1_124' title='bbox 1311 2205 1352 2282; x_wconf 80' lang='grc' dir='ltr'><strong>εἰς</strong></span> 
     </span>
    </p>
   </div>
   <div class='ocr_carea' id='block_1_5' title="bbox 174 2304 1352 2402">
    <p class='ocr_par' dir='ltr' id='par_1_6' title="bbox 174 2304 1352 2402">
     <span class='ocr_line' id='line_1_18' title="bbox 174 2304 1352 2402; baseline 0.001 -27"><span class='ocrx_word' id='word_1_125' title='bbox 174 2316 228 2394; x_wconf 74' lang='grc' dir='ltr'><strong>τὴν</strong></span> <span class='ocrx_word' id='word_1_126' title='bbox 263 2317 318 2395; x_wconf 82' lang='grc' dir='ltr'><strong>σὴν</strong></span> <span class='ocrx_word' id='word_1_127' title='bbox 352 2314 534 2402; x_wconf 80' lang='grc' dir='ltr'>ἀρφέετὴν</span> <span class='ocrx_word' id='word_1_128' title='bbox 536 2337 588 2399; x_wconf 82' lang='grc' dir='ltr'><strong>ρ,ει</strong></span> <span class='ocrx_word' id='word_1_129' title='bbox 626 2310 697 2378; x_wconf 83' lang='grc' dir='ltr'><strong>οἷόν</strong></span> <span class='ocrx_word' id='word_1_130' title='bbox 735 2358 754 2393; x_wconf 87' lang='grc'><strong>,,</strong></span> <span class='ocrx_word' id='word_1_131' title='bbox 757 2315 818 2399; x_wconf 69' lang='grc' dir='ltr'><strong>ἐγὼ</strong></span> <span class='ocrx_word' id='word_1_132' title='bbox 851 2304 881 2377; x_wconf 76' lang='grc' dir='ltr'><strong>δ</strong></span> <span class='ocrx_word' id='word_1_133' title='bbox 912 2314 1091 2378; x_wconf 63' lang='grc' dir='ltr'>ἐνουθέτουν</span> <span class='ocrx_word' id='word_1_134' title='bbox 1114 2313 1161 2377; x_wconf 81' lang='grc' dir='ltr'><strong>ἀεὶ</strong></span> <span class='ocrx_word' id='word_1_135' title='bbox 1183 2316 1224 2376; x_wconf 82' lang='grc' dir='ltr'><strong>τὰ</strong></span> <span class='ocrx_word' id='word_1_136' title='bbox 1246 2315 1352 2377; x_wconf 76' lang='grc' dir='ltr'>δίκαια</span> 
     </span>
    </p>
   </div>
   <div class='ocr_carea' id='block_1_6' title="bbox 174 2418 1352 2616">
    <p class='ocr_par' dir='ltr' id='par_1_7' title="bbox 174 2418 1352 2616">
     <span class='ocr_line' id='line_1_19' title="bbox 174 2418 1352 2508; baseline -0.003 -22.905"><span class='ocrx_word' id='word_1_137' title='bbox 174 2424 283 2506; x_wconf 83' lang='grc' dir='ltr'><strong>λ,γυιν</strong></span> <span class='ocrx_word' id='word_1_138' title='bbox 319 2424 360 2508; x_wconf 78' lang='grc' dir='ltr'><strong>μὴ</strong></span> <span class='ocrx_word' id='word_1_139' title='bbox 394 2424 435 2485; x_wconf 83' lang='grc' dir='ltr'><strong>τὰ</strong></span> <span class='ocrx_word' id='word_1_140' title='bbox 469 2425 562 2484; x_wconf 90' lang='grc' dir='ltr'>τέκνα</span> <span class='ocrx_word' id='word_1_141' title='bbox 597 2418 858 2507; x_wconf 82' lang='grc' dir='ltr'><strong>ἐγκαταλείτειν“,</strong></span> <span class='ocrx_word' id='word_1_142' title='bbox 894 2421 913 2501; x_wconf 79' lang='grc' dir='ltr'>ἢ</span> <span class='ocrx_word' id='word_1_143' title='bbox 938 2419 1073 2507; x_wconf 66' lang='grc' dir='ltr'>θατέρου</span> <span class='ocrx_word' id='word_1_144' title='bbox 1107 2423 1226 2484; x_wconf 79' lang='grc' dir='ltr'>κακίαν</span> <span class='ocrx_word' id='word_1_145' title='bbox 1252 2421 1352 2500; x_wconf 63' lang='grc' dir='ltr'><strong>,ὅδὲ</strong></span> 
     </span>
     <span class='ocr_line' id='line_1_20' title="bbox 177 2525 1348 2616; baseline -0.001 -24"><span class='ocrx_word' id='word_1_146' title='bbox 177 2527 357 2616; x_wconf 77' lang='grc' dir='ltr'>ἀπεκρίνατό</span> <span class='ocrx_word' id='word_1_147' title='bbox 393 2551 444 2615; x_wconf 80' lang='grc' dir='ltr'><strong>μοι</strong></span> <span class='ocrx_word' id='word_1_148' title='bbox 468 2528 524 2607; x_wconf 81' lang='grc' dir='ltr'><strong>ὅτι,</strong></span> <span class='ocrx_word' id='word_1_149' title='bbox 562 2525 597 2592; x_wconf 81' lang='grc' dir='ltr'><strong>οὗ</strong></span> <span class='ocrx_word' id='word_1_150' title='bbox 622 2529 657 2591; x_wconf 81' lang='grc' dir='ltr'><strong>ἂν</strong></span> <span class='ocrx_word' id='word_1_151' title='bbox 685 2526 705 2615; x_wconf 76' lang='grc' dir='ltr'>ᾗ</span> <span class='ocrx_word' id='word_1_152' title='bbox 730 2529 831 2605; x_wconf 84' lang='grc' dir='ltr'>αὐτός,</span> <span class='ocrx_word' id='word_1_153' title='bbox 858 2527 945 2591; x_wconf 83' lang='grc' dir='ltr'>ἔσται</span> <span class='ocrx_word' id='word_1_154' title='bbox 972 2526 1056 2592; x_wconf 89' lang='grc' dir='ltr'><strong>ἄλλα</strong></span> <span class='ocrx_word' id='word_1_155' title='bbox 1078 2525 1203 2591; x_wconf 78' lang='grc' dir='ltr'>ταιδία“</span> <span class='ocrx_word' id='word_1_156' title='bbox 1231 2576 1238 2591; x_wconf 90' lang='grc'><strong>.</strong></span> <span class='ocrx_word' id='word_1_157' title='bbox 1265 2577 1272 2591; x_wconf 94' lang='grc'><strong>.</strong></span> <span class='ocrx_word' id='word_1_158' title='bbox 1298 2577 1304 2591; x_wconf 95' lang='grc'><strong><em>.</em></strong></span> <span class='ocrx_word' id='word_1_159' title='bbox 1329 2527 1348 2606; x_wconf 82' lang='grc' dir='ltr'><strong>ἢ</strong></span> 
     </span>
    </p>
   </div>
   <div class='ocr_carea' id='block_1_7' title="bbox 176 2634 1350 2816">
    <p class='ocr_par' dir='ltr' id='par_1_8' title="bbox 176 2634 1350 2816">
     <span class='ocr_line' id='line_1_21' title="bbox 176 2634 611 2716; baseline -0.005 -17"><span class='ocrx_word' id='word_1_160' title='bbox 176 2634 235 2699; x_wconf 79' lang='grc' dir='ltr'><strong>ὅσα</strong></span> <span class='ocrx_word' id='word_1_161' title='bbox 256 2637 335 2716; x_wconf 76' lang='grc' dir='ltr'>ἡδέα</span> <span class='ocrx_word' id='word_1_162' title='bbox 356 2642 422 2710; x_wconf 86' lang='grc' dir='ltr'>τοῖς</span> <span class='ocrx_word' id='word_1_163' title='bbox 443 2636 611 2710; x_wconf 78' lang='grc' dir='ltr'>δικασταῖς.</span> 
     </span>
     <span class='ocr_line' id='line_1_22' title="bbox 284 2735 1350 2816; baseline -0.003 -15"><span class='ocrx_word' id='word_1_164' title='bbox 284 2736 435 2816; x_wconf 75' lang='lat' dir='ltr'><strong>Quocum</strong></span> <span class='ocrx_word' id='word_1_165' title='bbox 459 2735 630 2801; x_wconf 81' lang='lat' dir='ltr'><strong>Ciceronis</strong></span> <span class='ocrx_word' id='word_1_166' title='bbox 665 2746 697 2801; x_wconf 94' lang='lat' dir='ltr'><strong>et</strong></span> <span class='ocrx_word' id='word_1_167' title='bbox 732 2737 873 2800; x_wconf 86' lang='lat' dir='ltr'><strong>auctoris</strong></span> <span class='ocrx_word' id='word_1_168' title='bbox 902 2737 945 2800; x_wconf 89' lang='lat' dir='ltr'><strong>ad</strong></span> <span class='ocrx_word' id='word_1_169' title='bbox 969 2737 1009 2801; x_wconf 91' lang='lat' dir='ltr'><strong>H.</strong></span> <span class='ocrx_word' id='word_1_170' title='bbox 1035 2736 1172 2801; x_wconf 85' lang='lat' dir='ltr'><strong>alterum</strong></span> <span class='ocrx_word' id='word_1_171' title='bbox 1196 2735 1350 2800; x_wconf 88' lang='lat' dir='ltr'><strong>narrandi</strong></span> 
     </span>
    </p>
   </div>
   <div class='ocr_carea' id='block_1_8' title="bbox 170 2929 1353 4506">
    <p class='ocr_par' dir='ltr' id='par_1_9' title="bbox 170 2929 1353 3886">
     <span class='ocr_line' id='line_1_23' title="bbox 282 2929 1351 2999; baseline -0.003 -15"><span class='ocrx_word' id='word_1_172' title='bbox 282 2931 302 2996; x_wconf 78' lang='lat'><strong>¹)</strong></span> <span class='ocrx_word' id='word_1_173' title='bbox 323 2930 378 2984; x_wconf 88' lang='lat' dir='ltr'><strong>Has</strong></span> <span class='ocrx_word' id='word_1_174' title='bbox 399 2930 466 2983; x_wconf 88' lang='lat' dir='ltr'><strong>duas</strong></span> <span class='ocrx_word' id='word_1_175' title='bbox 486 2929 669 2991; x_wconf 82' lang='lat' dir='ltr'><strong>definitiones,</strong></span> <span class='ocrx_word' id='word_1_176' title='bbox 690 2946 858 2999; x_wconf 87' lang='lat' dir='ltr'><strong>quamquam</strong></span> <span class='ocrx_word' id='word_1_177' title='bbox 871 2931 907 2982; x_wconf 91' lang='lat' dir='ltr'><strong>ad</strong></span> <span class='ocrx_word' id='word_1_178' title='bbox 919 2929 995 2983; x_wconf 91' lang='lat' dir='ltr'><strong>idem</strong></span> <span class='ocrx_word' id='word_1_179' title='bbox 1009 2931 1147 2997; x_wconf 85' lang='lat' dir='ltr'><strong>spectant,</strong></span> <span class='ocrx_word' id='word_1_180' title='bbox 1166 2945 1223 2982; x_wconf 91' lang='lat' dir='ltr'><strong>non</strong></span> <span class='ocrx_word' id='word_1_181' title='bbox 1236 2929 1351 2981; x_wconf 86' lang='lat' dir='ltr'><strong>eaedem</strong></span> 
     </span>
     <span class='ocr_line' id='line_1_24' title="bbox 176 3016 1351 3086; baseline -0.003 -14"><span class='ocrx_word' id='word_1_182' title='bbox 176 3035 236 3072; x_wconf 87' lang='lat' dir='ltr'><strong>esee</strong></span> <span class='ocrx_word' id='word_1_183' title='bbox 254 3035 307 3073; x_wconf 89' lang='lat' dir='ltr'><strong>nec</strong></span> <span class='ocrx_word' id='word_1_184' title='bbox 325 3035 360 3073; x_wconf 87' lang='lat' dir='ltr'><strong>ex</strong></span> <span class='ocrx_word' id='word_1_185' title='bbox 379 3019 477 3072; x_wconf 91' lang='lat' dir='ltr'><strong>eodem</strong></span> <span class='ocrx_word' id='word_1_186' title='bbox 496 3018 575 3073; x_wconf 85' lang='lat' dir='ltr'><strong>fonte</strong></span> <span class='ocrx_word' id='word_1_187' title='bbox 594 3019 734 3072; x_wconf 87' lang='lat' dir='ltr'><strong>derivatas</strong></span> <span class='ocrx_word' id='word_1_188' title='bbox 753 3019 798 3071; x_wconf 88' lang='lat' dir='ltr'><strong>vel</strong></span> <span class='ocrx_word' id='word_1_189' title='bbox 818 3035 916 3072; x_wconf 89' lang='lat' dir='ltr'><strong>caecus</strong></span> <span class='ocrx_word' id='word_1_190' title='bbox 935 3017 1019 3072; x_wconf 90' lang='lat' dir='ltr'><strong>videt.</strong></span> <span class='ocrx_word' id='word_1_191' title='bbox 1056 3018 1115 3071; x_wconf 90' lang='lat' dir='ltr'><strong>Nec</strong></span> <span class='ocrx_word' id='word_1_192' title='bbox 1128 3018 1214 3086; x_wconf 88' lang='lat' dir='ltr'><strong>igitur</strong></span> <span class='ocrx_word' id='word_1_193' title='bbox 1227 3016 1351 3071; x_wconf 83' lang='lat' dir='ltr'><strong>Thielius</strong></span> 
     </span>
     <span class='ocr_line' id='line_1_25' title="bbox 177 3101 1353 3177; baseline -0.001 -16"><span class='ocrx_word' id='word_1_194' title='bbox 177 3110 295 3176; x_wconf 85' lang='lat' dir='ltr'><strong>(quaest.</strong></span> <span class='ocrx_word' id='word_1_195' title='bbox 313 3126 340 3177; x_wconf 90' lang='lat' dir='ltr'><strong>p.</strong></span> <span class='ocrx_word' id='word_1_196' title='bbox 360 3107 405 3171; x_wconf 74' lang='lat'><strong>29)</strong></span> <span class='ocrx_word' id='word_1_197' title='bbox 426 3107 672 3175; x_wconf 81' lang='lat' dir='ltr'><strong>argumentatione</strong></span> <span class='ocrx_word' id='word_1_198' title='bbox 690 3125 739 3160; x_wconf 90' lang='lat' dir='ltr'><strong>sua</strong></span> <span class='ocrx_word' id='word_1_199' title='bbox 758 3106 926 3161; x_wconf 88' lang='lat' dir='ltr'><strong>contrariam</strong></span> <span class='ocrx_word' id='word_1_200' title='bbox 945 3107 1013 3160; x_wconf 87' lang='lat' dir='ltr'><strong>mihi</strong></span> <span class='ocrx_word' id='word_1_201' title='bbox 1032 3107 1206 3161; x_wconf 88' lang='lat' dir='ltr'><strong>sententiam</strong></span> <span class='ocrx_word' id='word_1_202' title='bbox 1224 3101 1353 3174; x_wconf 65' lang='lat' dir='ltr'><strong>compro·&gt;</strong></span> 
     </span>
     <span class='ocr_line' id='line_1_26' title="bbox 175 3195 1351 3266; baseline -0.003 -16"><span class='ocrx_word' id='word_1_203' title='bbox 175 3197 241 3250; x_wconf 82' lang='lat' dir='ltr'><strong>bare</strong></span> <span class='ocrx_word' id='word_1_204' title='bbox 259 3196 361 3266; x_wconf 89' lang='lat' dir='ltr'><strong>potuit.</strong></span> <span class='ocrx_word' id='word_1_205' title='bbox 398 3196 435 3248; x_wconf 82' lang='lat' dir='ltr'><strong>Et</strong></span> <span class='ocrx_word' id='word_1_206' title='bbox 454 3199 568 3264; x_wconf 81' lang='lat' dir='ltr'><strong>egomet</strong></span> <span class='ocrx_word' id='word_1_207' title='bbox 586 3195 725 3250; x_wconf 71' lang='lat' dir='ltr'><strong>Ciceronis</strong></span> <span class='ocrx_word' id='word_1_208' title='bbox 745 3197 836 3261; x_wconf 72' lang='lat' dir='ltr'><strong>verba,</strong></span> <span class='ocrx_word' id='word_1_209' title='bbox 858 3213 929 3264; x_wconf 87' lang='lat' dir='ltr'><strong>quae</strong></span> <span class='ocrx_word' id='word_1_210' title='bbox 952 3196 980 3248; x_wconf 92' lang='lat' dir='ltr'><strong>in</strong></span> <span class='ocrx_word' id='word_1_211' title='bbox 1000 3197 1190 3250; x_wconf 77' lang='lat' dir='ltr'><strong>iudicationem</strong></span> <span class='ocrx_word' id='word_1_212' title='bbox 1213 3197 1351 3263; x_wconf 83' lang='lat' dir='ltr'><strong>quadrare</strong></span> 
     </span>
     <span class='ocr_line' id='line_1_27' title="bbox 174 3280 1350 3354; baseline -0.001 -17"><span class='ocrx_word' id='word_1_213' title='bbox 174 3285 204 3338; x_wconf 91' lang='lat' dir='ltr'><strong>in</strong></span> <span class='ocrx_word' id='word_1_214' title='bbox 216 3288 349 3354; x_wconf 85' lang='lat' dir='ltr'><strong>promptu</strong></span> <span class='ocrx_word' id='word_1_215' title='bbox 368 3286 419 3354; x_wconf 86' lang='lat' dir='ltr'><strong>eet,</strong></span> <span class='ocrx_word' id='word_1_216' title='bbox 441 3313 473 3327; x_wconf 85' lang='lat'><strong>-·</strong></span> <span class='ocrx_word' id='word_1_217' title='bbox 493 3283 528 3338; x_wconf 80' lang='lat' dir='ltr'><strong>cf.</strong></span> <span class='ocrx_word' id='word_1_218' title='bbox 548 3301 646 3353; x_wconf 84' lang='lat' dir='ltr'><strong>parem</strong></span> <span class='ocrx_word' id='word_1_219' title='bbox 659 3285 790 3353; x_wconf 85' lang='lat' dir='ltr'><strong>anonymi</strong></span> <span class='ocrx_word' id='word_1_220' title='bbox 804 3285 866 3353; x_wconf 83' lang='lat' dir='ltr'><strong>Sag.</strong></span> <span class='ocrx_word' id='word_1_221' title='bbox 879 3285 1070 3338; x_wconf 86' lang='lat' dir='ltr'><strong>definitionem</strong></span> <span class='ocrx_word' id='word_1_222' title='bbox 1084 3289 1099 3351; x_wconf 66' lang='grc' dir='ltr'><strong>ξ</strong></span> <span class='ocrx_word' id='word_1_223' title='bbox 1112 3286 1147 3337; x_wconf 77' lang='lat' dir='ltr'><strong>bb</strong></span> <span class='ocrx_word' id='word_1_224' title='bbox 1159 3285 1230 3352; x_wconf 71' lang='grc' dir='ltr'><strong>γ13,1</strong></span> <span class='ocrx_word' id='word_1_225' title='bbox 1245 3283 1305 3351; x_wconf 83' lang='lat' dir='ltr'><strong>G.):</strong></span> <span class='ocrx_word' id='word_1_226' title='bbox 1325 3280 1350 3337; x_wconf 83' lang='grc' dir='ltr'><strong>αἱ</strong></span> 
     </span>
     <span class='ocr_line' id='line_1_28' title="bbox 176 3372 1350 3443; baseline -0.005 -13"><span class='ocrx_word' id='word_1_227' title='bbox 176 3373 220 3443; x_wconf 83' lang='grc' dir='ltr'><strong>μὶν</strong></span> <span class='ocrx_word' id='word_1_228' title='bbox 238 3378 305 3430; x_wconf 80' lang='grc' dir='ltr'>κατὰ</span> <span class='ocrx_word' id='word_1_229' title='bbox 323 3374 351 3429; x_wconf 77' lang='grc' dir='ltr'><strong>τὸ</strong></span> <span class='ocrx_word' id='word_1_230' title='bbox 371 3375 667 3443; x_wconf 79' lang='grc' dir='ltr'>ἀμφισβητούμενον</span> <span class='ocrx_word' id='word_1_231' title='bbox 687 3374 746 3429; x_wconf 81' lang='grc' dir='ltr'>αὐτὸ</span> <span class='ocrx_word' id='word_1_232' title='bbox 766 3375 924 3430; x_wconf 81' lang='grc' dir='ltr'>συνίστανται</span> <span class='ocrx_word' id='word_1_233' title='bbox 941 3404 983 3437; x_wconf 83' lang='grc'><strong>-,</strong></span> <span class='ocrx_word' id='word_1_234' title='bbox 998 3375 1033 3427; x_wconf 89' lang='lat' dir='ltr'><strong>ad</strong></span> <span class='ocrx_word' id='word_1_235' title='bbox 1045 3373 1246 3442; x_wconf 82' lang='lat' dir='ltr'><strong>Hermagoram</strong></span> <span class='ocrx_word' id='word_1_236' title='bbox 1258 3372 1350 3425; x_wconf 84' lang='lat' dir='ltr'><strong>refero</strong></span> 
     </span>
     <span class='ocr_line' id='line_1_29' title="bbox 176 3461 1350 3532; baseline -0.003 -16"><span class='ocrx_word' id='word_1_237' title='bbox 176 3461 223 3532; x_wconf 84' lang='lat' dir='ltr'><strong>(ci.</strong></span> <span class='ocrx_word' id='word_1_238' title='bbox 242 3479 328 3532; x_wconf 79' lang='lat' dir='ltr'><strong>supra</strong></span> <span class='ocrx_word' id='word_1_239' title='bbox 346 3481 374 3531; x_wconf 92' lang='lat' dir='ltr'><strong>p.</strong></span> <span class='ocrx_word' id='word_1_240' title='bbox 387 3463 443 3531; x_wconf 80' lang='lat'>31),</span> <span class='ocrx_word' id='word_1_241' title='bbox 463 3480 526 3517; x_wconf 88' lang='lat' dir='ltr'><strong>cum</strong></span> <span class='ocrx_word' id='word_1_242' title='bbox 539 3466 682 3516; x_wconf 79' lang='lat' dir='ltr'><strong>auctorem</strong></span> <span class='ocrx_word' id='word_1_243' title='bbox 696 3464 730 3515; x_wconf 91' lang='lat' dir='ltr'><strong>ad</strong></span> <span class='ocrx_word' id='word_1_244' title='bbox 742 3463 776 3515; x_wconf 90' lang='lat' dir='ltr'><strong>H.</strong></span> <span class='ocrx_word' id='word_1_245' title='bbox 790 3463 835 3515; x_wconf 90' lang='lat' dir='ltr'><strong>hic</strong></span> <span class='ocrx_word' id='word_1_246' title='bbox 849 3479 959 3530; x_wconf 92' lang='lat' dir='ltr'><strong>quoque</strong></span> <span class='ocrx_word' id='word_1_247' title='bbox 972 3462 1061 3530; x_wconf 84' lang='lat' dir='ltr'><strong>magis</strong></span> <span class='ocrx_word' id='word_1_248' title='bbox 1074 3463 1109 3515; x_wconf 89' lang='lat' dir='ltr'><strong>ad</strong></span> <span class='ocrx_word' id='word_1_249' title='bbox 1122 3462 1266 3529; x_wconf 87' lang='lat' dir='ltr'><strong>antiquam</strong></span> <span class='ocrx_word' id='word_1_250' title='bbox 1285 3461 1350 3514; x_wconf 89' lang='lat' dir='ltr'><strong>doc·</strong></span> 
     </span>
     <span class='ocr_line' id='line_1_30' title="bbox 174 3550 1352 3620; baseline -0.001 -16"><span class='ocrx_word' id='word_1_251' title='bbox 174 3550 278 3605; x_wconf 84' lang='lat' dir='ltr'><strong>trinam</strong></span> <span class='ocrx_word' id='word_1_252' title='bbox 315 3552 448 3605; x_wconf 88' lang='lat' dir='ltr'><strong>accedere</strong></span> <span class='ocrx_word' id='word_1_253' title='bbox 477 3552 604 3614; x_wconf 88' lang='lat' dir='ltr'><strong>arbitrer,</strong></span> <span class='ocrx_word' id='word_1_254' title='bbox 636 3551 700 3620; x_wconf 90' lang='lat' dir='ltr'><strong>quia</strong></span> <span class='ocrx_word' id='word_1_255' title='bbox 728 3551 891 3620; x_wconf 83' lang='lat' dir='ltr'><strong>simpliciter</strong></span> <span class='ocrx_word' id='word_1_256' title='bbox 918 3567 972 3604; x_wconf 81' lang='lat' dir='ltr'><strong>reru</strong></span> <span class='ocrx_word' id='word_1_257' title='bbox 998 3557 1101 3619; x_wconf 79' lang='lat' dir='ltr'><strong>pastam</strong></span> <span class='ocrx_word' id='word_1_258' title='bbox 1128 3555 1160 3603; x_wconf 88' lang='lat' dir='ltr'><strong>ut</strong></span> <span class='ocrx_word' id='word_1_259' title='bbox 1187 3555 1352 3617; x_wconf 69' lang='lat' dir='ltr'><strong>exponamus</strong></span> 
     </span>
     <span class='ocr_line' id='line_1_31' title="bbox 174 3638 1350 3710; baseline -0.001 -18"><span class='ocrx_word' id='word_1_260' title='bbox 174 3640 319 3710; x_wconf 83' lang='lat' dir='ltr'><strong>praecipit.</strong></span> <span class='ocrx_word' id='word_1_261' title='bbox 356 3639 435 3704; x_wconf 83' lang='lat' dir='ltr'><strong>Quod</strong></span> <span class='ocrx_word' id='word_1_262' title='bbox 454 3642 549 3694; x_wconf 88' lang='lat' dir='ltr'><strong>autem</strong></span> <span class='ocrx_word' id='word_1_263' title='bbox 567 3640 674 3709; x_wconf 84' lang='lat' dir='ltr'><strong>pergit:</strong></span> <span class='ocrx_word' id='word_1_264' title='bbox 700 3639 953 3707; x_wconf 75' lang='lat' dir='ltr'><strong>unumquidque..</strong></span> <span class='ocrx_word' id='word_1_265' title='bbox 976 3680 1007 3692; x_wconf 91' lang='lat'><strong>..</strong></span> <span class='ocrx_word' id='word_1_266' title='bbox 1035 3639 1161 3693; x_wconf 77' lang='lat' dir='ltr'><strong>vincendi</strong></span> <span class='ocrx_word' id='word_1_267' title='bbox 1188 3654 1277 3703; x_wconf 85' lang='lat' dir='ltr'><strong>cauea,</strong></span> <span class='ocrx_word' id='word_1_268' title='bbox 1297 3638 1350 3692; x_wconf 91' lang='lat' dir='ltr'><strong>hoc</strong></span> 
     </span>
     <span class='ocr_line' id='line_1_32' title="bbox 178 3727 1350 3798; baseline -0.002 -16"><span class='ocrx_word' id='word_1_269' title='bbox 178 3727 272 3784; x_wconf 79' lang='lat' dir='ltr'><strong>Cicero</strong></span> <span class='ocrx_word' id='word_1_270' title='bbox 292 3729 353 3797; x_wconf 88' lang='lat' dir='ltr'><strong>ipse</strong></span> <span class='ocrx_word' id='word_1_271' title='bbox 373 3746 483 3797; x_wconf 92' lang='lat' dir='ltr'><strong>quoque</strong></span> <span class='ocrx_word' id='word_1_272' title='bbox 503 3730 554 3782; x_wconf 88' lang='lat' dir='ltr'><strong>sub</strong></span> <span class='ocrx_word' id='word_1_273' title='bbox 574 3729 607 3781; x_wconf 89' lang='lat' dir='ltr'><strong>iis</strong></span> <span class='ocrx_word' id='word_1_274' title='bbox 626 3729 786 3798; x_wconf 87' lang='lat' dir='ltr'><strong>praeceptis</strong></span> <span class='ocrx_word' id='word_1_275' title='bbox 804 3729 901 3794; x_wconf 89' lang='lat' dir='ltr'><strong>tradit,</strong></span> <span class='ocrx_word' id='word_1_276' title='bbox 921 3745 992 3796; x_wconf 89' lang='lat' dir='ltr'><strong>quae</strong></span> <span class='ocrx_word' id='word_1_277' title='bbox 1011 3733 1026 3795; x_wconf 65' lang='grc' dir='ltr'><strong>ξ</strong></span> <span class='ocrx_word' id='word_1_278' title='bbox 1045 3728 1081 3781; x_wconf 84' lang='grc'><strong>30</strong></span> <span class='ocrx_word' id='word_1_279' title='bbox 1100 3729 1240 3782; x_wconf 84' lang='lat' dir='ltr'><strong>adnectit:</strong></span> <span class='ocrx_word' id='word_1_280' title='bbox 1266 3770 1271 3781; x_wconf 90' lang='lat'><strong>.</strong></span> <span class='ocrx_word' id='word_1_281' title='bbox 1291 3771 1296 3781; x_wconf 90' lang='lat'><strong>.</strong></span> <span class='ocrx_word' id='word_1_282' title='bbox 1318 3768 1324 3780; x_wconf 88' lang='lat'><strong>.</strong></span> <span class='ocrx_word' id='word_1_283' title='bbox 1344 3769 1350 3780; x_wconf 89' lang='lat'><strong>.</strong></span> 
     </span>
     <span class='ocr_line' id='line_1_33' title="bbox 170 3817 1059 3886; baseline -0.004 -13"><span class='ocrx_word' id='word_1_284' title='bbox 170 3817 266 3873; x_wconf 72' lang='grc' dir='ltr'><strong>,ουιιιίυ</strong></span> <span class='ocrx_word' id='word_1_285' title='bbox 284 3817 436 3886; x_wconf 64' lang='lat' dir='ltr'><strong>taquam</strong></span> <span class='ocrx_word' id='word_1_286' title='bbox 453 3823 517 3872; x_wconf 75' lang='lat' dir='ltr'><strong>aar</strong></span> <span class='ocrx_word' id='word_1_287' title='bbox 534 3817 572 3871; x_wconf 85' lang='lat' dir='ltr'><strong>ad</strong></span> <span class='ocrx_word' id='word_1_288' title='bbox 589 3818 753 3872; x_wconf 84' lang='lat' dir='ltr'><strong>commodum</strong></span> <span class='ocrx_word' id='word_1_289' title='bbox 771 3833 837 3871; x_wconf 84' lang='lat' dir='ltr'><strong>suaa</strong></span> <span class='ocrx_word' id='word_1_290' title='bbox 855 3832 953 3870; x_wconf 82' lang='lat' dir='ltr'><strong>caueae</strong></span> <span class='ocrx_word' id='word_1_291' title='bbox 972 3857 979 3871; x_wconf 88' lang='lat'><strong>.</strong></span> <span class='ocrx_word' id='word_1_292' title='bbox 999 3857 1005 3870; x_wconf 92' lang='lat'><strong>.</strong></span> <span class='ocrx_word' id='word_1_293' title='bbox 1027 3855 1059 3871; x_wconf 92' lang='lat'><strong>..</strong></span> 
     </span>
    </p>

    <p class='ocr_par' dir='ltr' id='par_1_10' title="bbox 282 3904 1351 3976">
     <span class='ocr_line' id='line_1_34' title="bbox 282 3904 1351 3976; baseline 0.002 -16"><span class='ocrx_word' id='word_1_294' title='bbox 282 3907 303 3976; x_wconf 79' lang='lat'><strong>²)</strong></span> <span class='ocrx_word' id='word_1_295' title='bbox 324 3906 359 3961; x_wconf 82' lang='lat' dir='ltr'><strong>cf.</strong></span> <span class='ocrx_word' id='word_1_296' title='bbox 377 3907 502 3960; x_wconf 81' lang='lat' dir='ltr'><strong>Navarra</strong></span> <span class='ocrx_word' id='word_1_297' title='bbox 520 3925 548 3974; x_wconf 91' lang='lat' dir='ltr'><strong>p.</strong></span> <span class='ocrx_word' id='word_1_298' title='bbox 568 3906 629 3970; x_wconf 76' lang='lat'>244,</span> <span class='ocrx_word' id='word_1_299' title='bbox 658 3907 735 3960; x_wconf 87' lang='lat' dir='ltr'><strong>cuiue</strong></span> <span class='ocrx_word' id='word_1_300' title='bbox 761 3906 855 3974; x_wconf 91' lang='lat' dir='ltr'><strong>opinio</strong></span> <span class='ocrx_word' id='word_1_301' title='bbox 874 3923 909 3959; x_wconf 88' lang='lat' dir='ltr'><strong>an</strong></span> <span class='ocrx_word' id='word_1_302' title='bbox 928 3906 1075 3974; x_wconf 88' lang='lat' dir='ltr'><strong>probanda</strong></span> <span class='ocrx_word' id='word_1_303' title='bbox 1093 3905 1137 3974; x_wconf 81' lang='lat' dir='ltr'><strong>sit,</strong></span> <span class='ocrx_word' id='word_1_304' title='bbox 1155 3905 1225 3958; x_wconf 86' lang='lat' dir='ltr'><strong>satis</strong></span> <span class='ocrx_word' id='word_1_305' title='bbox 1244 3904 1351 3962; x_wconf 78' lang='lat' dir='ltr'><strong>dubito,</strong></span> 
     </span>
    </p>

    <p class='ocr_par' dir='ltr' id='par_1_11' title="bbox 283 3993 1350 4064">
     <span class='ocr_line' id='line_1_35' title="bbox 283 3993 1350 4064; baseline -0.004 -15"><span class='ocrx_word' id='word_1_306' title='bbox 283 3995 303 4064; x_wconf 66' lang='grc' dir='ltr'><strong>’λ</strong></span> <span class='ocrx_word' id='word_1_307' title='bbox 323 3995 383 4049; x_wconf 84' lang='grc' dir='ltr'><strong>Νυο</strong></span> <span class='ocrx_word' id='word_1_308' title='bbox 401 3995 491 4056; x_wconf 87' lang='lat' dir='ltr'><strong>Plato,</strong></span> <span class='ocrx_word' id='word_1_309' title='bbox 510 3995 628 4049; x_wconf 86' lang='lat' dir='ltr'><strong>Phaedr.</strong></span> <span class='ocrx_word' id='word_1_310' title='bbox 648 3995 702 4048; x_wconf 79' lang='lat'><strong>266</strong></span> <span class='ocrx_word' id='word_1_311' title='bbox 719 3995 792 4063; x_wconf 87' lang='lat' dir='ltr'><strong>Esq.</strong></span> <span class='ocrx_word' id='word_1_312' title='bbox 812 3994 928 4048; x_wconf 92' lang='lat' dir='ltr'><strong>nimium</strong></span> <span class='ocrx_word' id='word_1_313' title='bbox 957 3994 1016 4048; x_wconf 89' lang='lat' dir='ltr'><strong>eius</strong></span> <span class='ocrx_word' id='word_1_314' title='bbox 1042 4010 1157 4047; x_wconf 88' lang='lat' dir='ltr'><strong>acumen</strong></span> <span class='ocrx_word' id='word_1_315' title='bbox 1175 4011 1232 4048; x_wconf 92' lang='lat' dir='ltr'><strong>non</strong></span> <span class='ocrx_word' id='word_1_316' title='bbox 1250 3993 1350 4046; x_wconf 86' lang='lat' dir='ltr'><strong>illudit.</strong></span> 
     </span>
    </p>

    <p class='ocr_par' dir='ltr' id='par_1_12' title="bbox 174 4083 1352 4330">
     <span class='ocr_line' id='line_1_36' title="bbox 281 4083 1352 4152; baseline -0.003 -13"><span class='ocrx_word' id='word_1_317' title='bbox 281 4084 305 4149; x_wconf 76' lang='lat'><strong>⁴)</strong></span> <span class='ocrx_word' id='word_1_318' title='bbox 325 4085 407 4152; x_wconf 85' lang='lat' dir='ltr'><strong>Apud</strong></span> <span class='ocrx_word' id='word_1_319' title='bbox 426 4085 553 4139; x_wconf 85' lang='lat' dir='ltr'><strong>oratores</strong></span> <span class='ocrx_word' id='word_1_320' title='bbox 571 4087 666 4138; x_wconf 87' lang='lat' dir='ltr'><strong>tamen</strong></span> <span class='ocrx_word' id='word_1_321' title='bbox 685 4083 794 4138; x_wconf 81' lang='lat' dir='ltr'><strong>Atticos</strong></span> <span class='ocrx_word' id='word_1_322' title='bbox 822 4084 991 4152; x_wconf 82' lang='grc' dir='ltr'><strong>προδιήγησιν,</strong></span> <span class='ocrx_word' id='word_1_323' title='bbox 1020 4099 1093 4151; x_wconf 87' lang='lat' dir='ltr'><strong>quae</strong></span> <span class='ocrx_word' id='word_1_324' title='bbox 1114 4083 1212 4136; x_wconf 86' lang='lat' dir='ltr'><strong>similis</strong></span> <span class='ocrx_word' id='word_1_325' title='bbox 1231 4085 1275 4136; x_wconf 85' lang='lat' dir='ltr'><strong>eet</strong></span> <span class='ocrx_word' id='word_1_326' title='bbox 1292 4101 1352 4149; x_wconf 83' lang='grc' dir='ltr'>προ·</span> 
     </span>
     <span class='ocr_line' id='line_1_37' title="bbox 174 4169 1351 4249; baseline -0.005 -21"><span class='ocrx_word' id='word_1_327' title='bbox 174 4179 330 4249; x_wconf 69' lang='grc' dir='ltr'>παρασκευῇ.</span> <span class='ocrx_word' id='word_1_328' title='bbox 349 4190 421 4241; x_wconf 88' lang='lat' dir='ltr'><strong>quae</strong></span> <span class='ocrx_word' id='word_1_329' title='bbox 440 4172 542 4229; x_wconf 88' lang='lat' dir='ltr'><strong>dicitur</strong></span> <span class='ocrx_word' id='word_1_330' title='bbox 561 4173 609 4239; x_wconf 84' lang='lat' dir='ltr'><strong>(of.</strong></span> <span class='ocrx_word' id='word_1_331' title='bbox 628 4190 652 4226; x_wconf 92' lang='lat' dir='ltr'><strong>e.</strong></span> <span class='ocrx_word' id='word_1_332' title='bbox 671 4191 698 4241; x_wconf 83' lang='lat' dir='ltr'><strong>g.</strong></span> <span class='ocrx_word' id='word_1_333' title='bbox 719 4173 831 4242; x_wconf 80' lang='lat' dir='ltr'><strong>Dionys.</strong></span> <span class='ocrx_word' id='word_1_334' title='bbox 851 4172 914 4227; x_wconf 87' lang='lat' dir='ltr'><strong>Hal.</strong></span> <span class='ocrx_word' id='word_1_335' title='bbox 935 4173 969 4226; x_wconf 89' lang='lat' dir='ltr'><strong>de</strong></span> <span class='ocrx_word' id='word_1_336' title='bbox 988 4172 1067 4226; x_wconf 83' lang='lat' dir='ltr'><strong>leaeo</strong></span> <span class='ocrx_word' id='word_1_337' title='bbox 1087 4189 1148 4240; x_wconf 87' lang='lat' dir='ltr'><strong>cap.</strong></span> <span class='ocrx_word' id='word_1_338' title='bbox 1168 4170 1213 4241; x_wconf 71' lang='lat'><strong>15)</strong></span> <span class='ocrx_word' id='word_1_339' title='bbox 1241 4169 1351 4238; x_wconf 84' lang='lat' dir='ltr'><strong>saepius</strong></span> 
     </span>
     <span class='ocr_line' id='line_1_38' title="bbox 176 4261 842 4330; baseline 0 -14"><span class='ocrx_word' id='word_1_340' title='bbox 176 4261 352 4330; x_wconf 83' lang='lat' dir='ltr'><strong>deprehendi</strong></span> <span class='ocrx_word' id='word_1_341' title='bbox 368 4261 522 4316; x_wconf 86' lang='lat' dir='ltr'><strong>Navarrms</strong></span> <span class='ocrx_word' id='word_1_342' title='bbox 539 4280 567 4329; x_wconf 97' lang='lat' dir='ltr'><strong>p</strong></span> <span class='ocrx_word' id='word_1_343' title='bbox 587 4261 666 4315; x_wconf 78' lang='lat'><strong>157</strong></span> <span class='ocrx_word' id='word_1_344' title='bbox 658 4278 718 4315; x_wconf 88' lang='lat' dir='ltr'><strong>mre</strong></span> <span class='ocrx_word' id='word_1_345' title='bbox 737 4265 842 4317; x_wconf 88' lang='lat' dir='ltr'><strong>monet.</strong></span> 
     </span>
    </p>

    <p class='ocr_par' dir='ltr' id='par_1_13' title="bbox 173 4347 1352 4506">
     <span class='ocr_line' id='line_1_39' title="bbox 285 4347 1352 4418; baseline -0.002 -16"><span class='ocrx_word' id='word_1_346' title='bbox 285 4350 305 4415; x_wconf 65' lang='grc' dir='ltr'><strong>ὓ)</strong></span> <span class='ocrx_word' id='word_1_347' title='bbox 324 4350 451 4418; x_wconf 88' lang='lat' dir='ltr'><strong>Namque</strong></span> <span class='ocrx_word' id='word_1_348' title='bbox 470 4350 601 4403; x_wconf 89' lang='lat' dir='ltr'><strong>Martiani</strong></span> <span class='ocrx_word' id='word_1_349' title='bbox 622 4349 750 4418; x_wconf 80' lang='lat' dir='ltr'><strong>Capellae</strong></span> <span class='ocrx_word' id='word_1_350' title='bbox 770 4350 865 4404; x_wconf 87' lang='lat' dir='ltr'><strong>sordes</strong></span> <span class='ocrx_word' id='word_1_351' title='bbox 884 4350 931 4416; x_wconf 87' lang='lat' dir='ltr'><strong>(cf.</strong></span> <span class='ocrx_word' id='word_1_352' title='bbox 950 4350 1108 4404; x_wconf 83' lang='lat' dir='ltr'><strong>Volkmann</strong></span> <span class='ocrx_word' id='word_1_353' title='bbox 1127 4369 1154 4418; x_wconf 95' lang='lat' dir='ltr'><strong>p</strong></span> <span class='ocrx_word' id='word_1_354' title='bbox 1169 4348 1232 4418; x_wconf 78' lang='lat'>151)</span> <span class='ocrx_word' id='word_1_355' title='bbox 1251 4347 1352 4400; x_wconf 84' lang='lat' dir='ltr'><strong>nullius</strong></span> 
     </span>
     <span class='ocr_line' id='line_1_40' title="bbox 173 4438 350 4506; baseline 0 -14"><span class='ocrx_word' id='word_1_356' title='bbox 173 4438 259 4506; x_wconf 87' lang='lat' dir='ltr'><strong>pretii</strong></span> <span class='ocrx_word' id='word_1_357' title='bbox 278 4443 350 4493; x_wconf 85' lang='lat' dir='ltr'><strong>sunt.</strong></span> 
     </span>
    </p>
   </div>
   <div class='ocr_carea' id='block_1_9' title="bbox 0 0 1644 5206">
    <p class='ocr_par' dir='ltr' id='par_1_14' title="bbox 0 0 1644 5206">
     <span class='ocr_line' id='line_1_41' title="bbox 0 0 1644 5206; baseline 0 0"><span class='ocrx_word' id='word_1_358' title='bbox 0 0 1644 5206; x_wconf 95' lang='lat' dir='ltr'><strong> </strong></span> 
     </span>
    </p>
   </div>
  </div>
 </body>
</html>
