3278 5206
704 429 927 494 ,42-

229 606 285 691 qui
307 626 572 692 unamquamque
597 609 751 672 orationis
775 616 902 694 partem
926 610 1150 672 necessariam
1178 630 1254 673 esse
1283 618 1401 675 statue-

228 711 315 777 bant.
362 711 403 776 cf.
429 736 522 779 anon.
548 713 622 799 Seg.
649 713 668 799 ξ
691 715 820 800 ncsqq.
845 712 932 800 (6,13
948 713 993 792 G)
1013 715 1036 800 )

335 819 375 884 In
404 824 506 906 turpi
538 843 683 906 genere
718 844 792 886 oum
822 821 1022 887 audientium
1048 823 1164 886 animis
1188 822 1403 889 vehementer

228 924 420 992 abalienatis
444 930 604 1015 principio
625 931 672 993 uti
687 951 753 993 non
768 930 944 1014 possimne,
968 928 1012 992 ad
1027 930 1279 994 insinuationem
1286 930 1311 1015 ²)
1327 953 1402 994 con-

189 1073 191 1077 ·
227 1033 421 1118 fugiendum
445 1057 520 1100 esse
537 1034 625 1121 apud
641 1035 806 1100 Romanos
823 1035 959 1100 traditur
975 1036 1075 1117 (auct.
1093 1035 1135 1099 ad
1150 1036 1193 1099 H.
1210 1036 1227 1100 Ι
1242 1037 1401 1120 (tc-103

229 1138 531 1228 Oi0.117,230q.).
571 1141 681 1229 Atque
707 1141 827 1207 Graeci
851 1163 983 1228 qnoque
1007 1141 1217 1228 scriptores³)
1241 1142 1403 1229 permulta

228 1256 405 1333 praecepta
429 1247 516 1330 dant,
542 1248 661 1334 quibus
686 1251 781 1335 quasi
803 1248 960 1312 remediis
976 1250 1029 1312 usi
1044 1249 1248 1313 audientium
1264 1252 1402 1335 gratiam

228 1374 427 1440 recuperare
455 1357 631 1441 possimus.
676 1356 745 1420 Nec
773 1351 939 1419 tamenin
964 1357 1101 1440 singulis
1125 1357 1228 1420 maior
1253 1360 1402 1442 cognatio

229 1469 346 1543 exstat,
370 1471 601 1548 praeterquam
626 1462 714 1548 quod
737 1471 850 1526 auctor
873 1461 916 1526 ad
932 1462 985 1542 H,
1011 1483 1030 1524 a
1054 1485 1118 1548 quo
1139 1484 1181 1526 ne
1198 1461 1315 1529 Cicero
1332 1466 1402 1549 qui·

229 1566 304 1634 dem
329 1567 524 1652 dissentit4),
549 1571 802 1633 insinuationem
825 1592 891 1633 non
916 1566 1022 1633 solum
1046 1571 1079 1632 in
1103 1571 1190 1655 turpi
1214 1592 1325 1651 causa,
1341 1570 1403 1634 sed

229 1674 327 1739 etiam
351 1672 428 1738 alibi
450 1675 674 1761 usurpandam
698 1697 772 1739 esse
797 1675 884 1742 dicit.
938 1745 939 1750 η

338 1780 503 1866 Sequitur,
543 1792 578 1846 ut
616 1781 772 1847 nonnulla
811 1782 852 1846 de
895 1783 1059 1866 generis
1099 1782 1402 1847 demonstrativi

228 1889 394 1971 prooemio
411 1887 561 1954 adiciam.
609 1889 648 1953 In
672 1888 735 1953 hoo
757 1911 881 1973 genere
905 1887 1100 1952 Aristotcles
1128 1896 1283 1981 προοίμιον
1308 1892 1403 1975 quasi

228 1999 391 2084 προαύλιον
415 2017 490 2059 esse
520 1996 639 2080 dicitfi).
688 1996 786 2076 Quod
818 1993 923 2059 simile
949 2018 966 2059 e
990 1997 1117 2060 musica
1148 2004 1314 2081 sumptum
1344 1996 1401 2060 ad-

229 2099 346 2165 hibens
359 2100 500 2166 fortasse
514 2102 745 2189 etymologiam
758 2104 898 2167 nominis
911 2108 1068 2194 προοιμίου
1080 2103 1217 2188 respicit
1226 2102 1261 2187 θ).
1290 2103 1403 2187 Pergit

229 2205 426 2272 Aristoteles
451 2231 517 2290 non
541 2231 623 2296 opus
648 2231 723 2273 esse
747 2209 915 2293 prooemio
940 2231 982 2272 ex
997 2211 1070 2293 ipsa
1086 2230 1188 2272 causa
1203 2208 1301 2274 ducto
1318 2221 1402 2273 arte-

230 2335 293 2398 que
318 2337 392 2379 cum
416 2337 456 2379 ea
480 2314 690 2397 cohaerente3
716 2325 829 2379 eontra
852 2316 1052 2378 recentiores
1069 2316 1285 2379 communiter
1308 2337 1400 2381 exor-

229 2419 319 2484 dium
347 2443 413 2486 non
444 2424 639 2487 estrimecos
662 2421 807 2487 υόόσιιιιυῑο
837 2422 1059 2504 quaerendum,
1089 2421 1145 2486 sed
1173 2442 1212 2486 ecc
1238 2422 1320 2503 sireis
1341 2423 1403 2486 ois-

231 2527 352 2592 ccriboe
374 2550 488 2594 causac
510 2529 697 2593 sumendum
725 2548 798 2606 esse,
833 2550 898 2592 non
928 2527 1031 2592 semel
1054 2527 1291 2613 asseveranti).
1338 2527 1404 2591 Im}

338 2672 358 2733 ¹)
383 2669 418 2723 cf.
444 2668 585 2722 Schanz:
608 2667 809 2737 Apollodoreer
832 2669 889 2721 und
912 2668 1102 2736 Theodoram,
1130 2667 1160 2720 in
1182 2667 1304 2722 Hermae
1326 2669 1404 2720 tomo

230 2757 306 2810 XXV
325 2757 404 2826 1890,
423 2776 451 2826 p.
470 2757 585 2811 43-44.

338 2847 358 2912 ²)
378 2845 434 2900 Sed
458 2846 487 2899 in
507 2846 568 2900 aliis
586 2845 696 2915 scriptis
714 2845 809 2900 Cicero
827 2862 880 2901 nec
898 2847 933 2899 de
952 2845 1140 2899 insinuatione
1159 2862 1211 2900 nec
1229 2847 1264 2899 de
1283 2845 1404 2914 quinque

231 2950 331 2989 causae
354 2935 501 3003 generibus
524 2935 696 2989 mentionem
714 2929 792 3002 iacit,
812 2935 877 3003 quia
895 2935 966 2990 haec
984 2934 1079 2988 omnia
1097 2936 1250 3004 praecepta
1268 2940 1300 2987 nt
1319 2932 1404 2987 subli-

229 3022 303 3076 tiora
322 3024 351 3075 et
369 3023 441 3076 insto
461 3023 628 3093 captiosiora
646 3024 847 3092 contempsisse
865 3024 985 3078 videtur.

338 3111 359 3172 ³)
387 3110 421 3166 cf.
449 3113 538 3166 Anax.
568 3112 601 3166 67
612 3130 681 3181 sqq,
709 3113 744 3166 86
754 3130 827 3181 sqq.;
855 3112 940 3165 Arist.
967 3111 1013 3164 III
1040 3112 1088 3178 163
1117 3110 1231 3178 Dionys.
1259 3109 1404 3179 34,l9sq.;

231 3215 312 3254 anon.
332 3201 347 3268 ᾗ
366 3200 401 3254 18
419 3200 474 3268 (ep
494 3200 548 3272 (a).

337 3289 361 3359 ⁴)
380 3289 487 3358 Thiale,
507 3294 613 3360 quaest.
632 3309 660 3360 p.
681 3290 795 3345 19-20.

245 3381 247 3385 '
340 3379 360 3444 δ)
379 3379 512 3433 Similiter
531 3380 696 3434 Aristoteles
717 3379 861 3434 exordium
876 3379 906 3432 in
923 3395 1027 3447 genere
1047 3378 1229 3433 deliberativo
1249 3378 1342 3431 14151)
1355 3378 1404 3445 39;

231 3467 326 3536 κόσμου
349 3470 420 3539 χάριν
442 3469 679 3537 praemittendum
702 3485 763 3522 esse
776 3467 883 3540 docet,
907 3470 942 3532 ὡς
961 3469 1140 3537 αὐτοκάβδυλα
1162 3466 1283 3536 φαίνεται,
1307 3465 1350 3522 ἐὰν
1370 3465 1405 3536 μὴ

232 3552 285 3632 ἔχῃ.
323 3557 357 3610 cf.
382 3558 476 3611 rllob
500 3557 526 3624 8,
549 3557 598 3611 ubi
625 3556 755 3610 discimus
782 3557 925 3627 prooemio
953 3574 1023 3625 opus
1045 3573 1119 3623 csse,
1141 3552 1184 3611 ian
1206 3550 1251 3634 ἔχῃ
1274 3555 1300 3624 (ὁ
1322 3557 1404 3625 λόγος)
1470 3547 1472 3552 ’

232 3649 316 3715 ὥσπερ
336 3654 412 3717 σῶμα
429 3647 549 3716 κεφαλήν.
587 3645 656 3700 (lum
674 3647 729 3700 hoc
746 3649 840 3700 autem
857 3646 919 3700 loco
937 3662 1100 3715 comparare
1113 3645 1228 3714 expedit
1245 3663 1327 3700 anon.
1341 3645 1404 3711 Sag.

231 3736 246 3806 ξ
264 3735 299 3787 26
318 3735 461 3805 (6,1‘lG.),
480 3736 545 3800 δόξει
562 3740 609 3805 γὰρ
629 3734 839 3805 &adcelerari
858 3735 929 3805 λόγος
948 3729 1010 3792 εἶναι
1030 3777 1035 3789 .
1056 3776 1063 3790 .
1084 3776 1090 3789 .
1115 3735 1203 3791 διὰτὸ
1223 3739 1307 3803 ὥσπερ
1326 3755 1405 3803 κεφα-

232 3823 276 3893 λὴν
294 3831 339 3879 τοῦ
356 3824 449 3887 παντὸς
466 3826 540 3893 λόγου
558 3824 586 3880 τὸ
604 3825 732 3894 προοίμιον
750 3817 814 3880 εἶναι
832 3825 931 3894 (Marx,
944 3843 971 3893 p.
984 3824 1049 3885 320)
1069 3827 1098 3878 et
1110 3823 1235 3879 Platonis
1247 3824 1405 3878 Phaedrum

232 3911 312 3967 2640
327 3932 333 3965 ε
347 3919 399 3968 δεῖν
412 3915 494 3968 πάντα
508 3915 579 3983 λόγον
592 3915 676 3983 ὥσπερ
690 3920 754 3982 ζῷον
767 3915 916 3969 συνεστάναι
932 3916 1008 3983 σῶμά
1021 3934 1044 3967 τι
1057 3910 1146 3985 ἔχοντα
1159 3912 1233 3969 αὐτὸν
1246 3915 1329 3982 αὑτοῦ,
1340 3915 1406 3968 ὥστε

234 4002 296 4072 μήτε
315 4001 441 4073 ἀκέφαλον
459 3996 522 4058 εἶναι
541 4006 594 4057 etc.
632 4002 728 4057 Oratio
748 4018 810 4056 cnm
829 4002 1049 4071 corporeetiam
1067 4003 1096 4055 in
1116 4004 1203 4056 Anax.
1223 4001 1302 4063 7323
1321 3999 1404 4070 (655)

232 4092 418 4146 contenditur.
449 4091 530 4145 Idem
549 4092 638 4145 simile
657 4092 734 4160 apud
754 4090 917 4146 Ciceronem
936 4108 1047 4161 quoque
1066 4091 1177 4159 saepius
1196 4090 1367 4159 significatur
1381 4106 1405 4144 s.

232 4199 258 4248 g.
280 4181 314 4234 de
333 4184 401 4235 orat.
421 4180 458 4242 Π,
476 4180 520 4249 80,
539 4180 592 4234 325
611 4203 645 4229 =
665 4182 700 4234 de
718 4179 775 4235 inv.
794 4180 816 4246 l,
836 4180 878 4250 18,
898 4181 941 4235 26.

341 4270 362 4330 “t
381 4269 417 4323 cf.
437 4287 517 4324 anon.
538 4269 600 4339 Sag.
620 4271 636 4341 ξ
656 4271 673 4322 4
692 4269 817 4339 (1136),
837 4269 993 4323 Volkmann
1012 4288 1040 4338 p.
1060 4268 1192 4322 127-28.

342 4359 360 4429 ⁷)
380 4359 422 4413 De
442 4362 512 4413 orat.
531 4358 566 4427 lI,
587 4359 629 4429 78,
649 4359 714 4423 318;
735 4358 770 4413 cf.
791 4357 846 4414 cio.
866 4359 900 4412 de
919 4359 975 4412 inv.
994 4357 1017 4424 I,
1037 4358 1116 4428 18,26
1136 4381 1169 4406 .-.
1189 4359 1264 4411 auct.
1282 4357 1317 4410 ad
1329 4357 1363 4411 H.
1382 4356 1405 4424 I,

234 4450 310 4517 7,11;
329 4448 442 4517 Dionys.
461 4447 532 4515 293.
