3278 5206
753 420 974 485 ,80-

275 601 369 665 vides
394 622 494 686 supra
517 622 560 664 ex
576 598 716 663 tabellis.
755 597 924 662 Interdum
941 599 1039 661 etiam
1060 598 1144 661 duae
1166 599 1301 663 virtutes
1324 598 1450 664 ethicae

276 730 352 771 cum
386 728 452 772 una
487 705 671 771 dianoetica
707 706 948 788 consociantur,
984 713 1019 767 ut
1052 702 1122 768 Pol.
1160 704 1272 770 1323b
1306 705 1349 770 33
1381 707 1450 788 (36)

276 820 417 907 φρόνησις
441 811 614 907 (φρόνιμος)
639 823 672 877 et
695 817 826 902 ἀνδρεία,
851 816 1028 897 δικαιοσύνη
1037 811 1059 896 ¹)
1082 813 1224 895 (δίκαιος,
1249 814 1399 906 σώφρων),
1417 822 1453 877 ut

275 919 369 984 Rhet.
394 919 446 984 ΙΙΙ
473 918 640 1002 16,1416b
666 919 718 999 24,
754 917 811 981 ubi
839 921 946 1003 agitur
975 918 1015 981 de
1043 919 1175 1001 generis
1205 918 1450 984 demonstrativi

276 1029 477 1091 narratione:
502 1030 647 1117 ἀνδρεῖος,
665 1033 768 1119 σοφός,
784 1031 911 1107 δίκαιος.
951 1025 1024 1090 Ηοο
1040 1034 1150 1089 autem
1164 1024 1237 1090 loco
1255 1023 1451 1091 Aristoteles

275 1133 372 1220 plane
397 1156 439 1198 ex
460 1133 606 1196 Isocrate
615 1132 637 1219 ²)
662 1132 791 1219 pendet,
808 1134 862 1219 qui
880 1132 1014 1196 casdem
1031 1141 1097 1196 tres
1114 1133 1251 1196 virtutes
1268 1140 1317 1197 ter
1334 1133 1451 1218 eodem

276 1250 374 1327 atque
410 1239 603 1305 Aristoteles
640 1239 754 1304 ordine
790 1240 897 1304 affert:
936 1238 1041 1324 Euag.
1075 1239 1132 1316 223
1167 1237 1241 1304 Hel.
1279 1240 1297 1303 1
1333 1247 1365 1302 et
1398 1241 1452 1304 54.

276 1347 422 1412 Eaedem
447 1349 544 1410 etiam
567 1347 657 1433 apud
672 1346 916 1411 Anaximenem
940 1368 971 1431 p.
997 1347 1047 1427 14,
1066 1346 1119 1428 80,
1137 1346 1179 1410 83
1203 1345 1452 1432 revertuntur3).

278 1453 406 1533 Quibus
440 1455 615 1539 perpensis
649 1476 688 1518 eo
724 1453 927 1535 adducimur,
963 1461 999 1516 ut
1027 1453 1199 1538 opinemur
1226 1451 1311 1515 hanc
1338 1454 1453 1538 triper-

277 1561 370 1623 titam
405 1581 535 1645 quoque
569 1561 725 1624 virtutum
760 1559 957 1624 divisionem
985 1563 1044 1622 aut
1078 1559 1257 1644 antiquitus
1291 1559 1452 1633 traditam,

277 1666 380 1752 (quod
415 1676 451 1729 ut
486 1666 660 1730 credamus
695 1666 769 1730 Hel.
796 1666 814 1729 1
851 1665 992 1749 suadet),
1021 1674 1076 1729 aut
1106 1665 1148 1729 ab
1177 1665 1325 1730 Isocrate
1348 1668 1453 1751 primo
1523 1699 1526 1705 ·

273 1772 426 1860 *crebrius
451 1772 630 1838 adhibitam
657 1775 690 1837 in
719 1795 841 1857 genere
866 1783 955 1837 certe
984 1772 1157 1858 epidictico
1181 1781 1296 1856 quarto
1321 1772 1453 1837 saeculo

278 1881 312 1943 in
336 1877 527 1944 sollemnem
553 1902 648 1943 usum
672 1879 805 1944 abiisse.
830 1917 873 1925 -

385 1986 540 2050 Attamen
552 1988 586 2050 in
598 1987 780 2072 posteriora
793 1984 926 2050 saecula
944 1983 1000 2049 illa
1018 1986 1252 2072 quadripertita
1270 1985 1455 2050 distributio

278 2095 455 2157 maximam
478 2095 545 2157 vim
570 2094 727 2174 exercuit,
753 2115 838 2178 quae
862 2115 927 2157 non
950 2092 1047 2156 modo
1072 2093 1105 2157 in
1128 2091 1344 2169 Aristotcleis,
1369 2113 1454 2179 quac

278 2198 377 2284 vulgo
402 2199 554 2264 dicuntur
584 2211 616 2263 et
640 2199 765 2263 codicis
789 2200 948 2264 Marciani
977 2197 1241 2284 divisionibusa),
1268 2193 1343 2262 dein
1366 2198 1455 2284 apud

279 2307 438 2390 Stoicosl)
472 2305 516 2391 (et
550 2306 793 2392 Epicureosfll),
829 2306 889 2369 sed
920 2308 1017 2369 etiam
1049 2305 1136 2392 apud
1159 2305 1359 2389 Roman0s⁷)
1384 2327 1454 2369 sac-

278 2415 413 2498 pissime
448 2415 618 2499 reperitur.
679 2412 781 2478 Cuius
816 2415 864 2476 rei
896 2413 1081 2477 testimonia
1116 2411 1333 2477 Ciceroniana
1366 2411 1452 2475 Mer-

280 2519 429 2583 chantius
454 2542 484 2604 p.
514 2520 555 2583 51
586 2519 702 2583 sedulo
739 2520 915 2603 congessit,
953 2521 1007 2599 qui
1042 2520 1173 2583 omnino
1203 2542 1235 2604 p.
1259 2518 1303 2583 50
1316 2541 1387 2605 sqq.
1414 2514 1481 2582 de

391 2750 410 2815 ¹)
428 2748 494 2816 Ipse
512 2748 595 2802 Rhet.
614 2747 629 2800 Ι
646 2747 767 2814 9,1366b
786 2748 803 2800 5
822 2748 938 2811 δικαίους,
959 2747 1007 2816 ait,
1019 2749 1063 2803 καὶ
1082 2748 1209 2816 ἀνδρείους
1223 2750 1331 2816 μάλιστα
1342 2753 1457 2815 τιμῶσιν.

387 2837 407 2895 ²)
426 2837 533 2890 Passim
560 2838 636 2905 apud
655 2836 807 2890 Isocratem
835 2837 984 2890 laudantur
1007 2853 1031 2890 e.
1055 2835 1209 2906 g,11143:
1230 2837 1325 2905 ἀνδρία,
1346 2836 1458 2904 δεινότης

282 2925 311 2989 (i.
331 2942 355 2981 a.
375 2924 552 2992 eloquentiae
571 2925 622 2992 vis,
642 2924 670 2977 ni
688 2924 779 2993 fallor,
799 2925 834 2978 cf.
848 2925 956 2990 Preuss,
977 2924 1034 2978 ind.
1053 2943 1074 2978 s.
1096 2926 1141 2996 ν),
1160 2925 1259 2993 quibus
1279 2928 1457 2995 opponuntur

283 3016 434 3081 δικαιοσύνη,
453 3017 615 3083 σωφροσύνη;
635 3013 660 3066 Χ
679 3015 725 3066 31;
746 3014 834 3082 ἀνδρία
854 3055 860 3067 .
881 3055 887 3067 .
907 3053 914 3067 .
935 3055 940 3066 .
959 3009 1084 3083 ἐπιστήμη
1102 3014 1163 3082 πρὸς
1181 3014 1223 3069 τὸν
1241 3015 1350 3082 πόλεμον
1370 3055 1376 3066 .
1397 3054 1402 3066 .
1424 3056 1429 3068 .
1451 3056 1456 3066 .

186 3160 189 3164 Α
282 3101 395 3170 εὐσέβεια
414 3143 420 3154 .
440 3141 446 3154 .
466 3143 473 3156 .
493 3102 554 3170 ἄλλη
578 3101 652 3171 ἀρετὴ
675 3104 718 3158 καὶ
742 3106 903 3172 σωφροσύνη;
927 3102 978 3154 XV
997 3103 1062 3155 111:
1082 3146 1088 3158 .
1111 3143 1117 3155 .
1138 3143 1144 3155 .
1168 3106 1290 3171 Περικλῆς
1309 3101 1321 3157 ὃ
1341 3102 1458 3171 μεγίστην

280 3187 323 3246 ἐπὶ
342 3191 419 3260 σοφίᾳ
436 3193 480 3245 καὶ
498 3194 641 3267 δικαιοσύνη
659 3193 702 3246 καὶ
721 3194 868 3267 σωφροσύνη
887 3192 962 3256 δύξαν
974 3188 1091 3260 εἰληφώς.
1112 3232 1119 3245 .
1137 3232 1144 3245 .
1165 3232 1171 3244 .
1203 3190 1238 3244 cf.
1253 3209 1296 3260 ep.
1309 3189 1362 3257 9,4,
1380 3190 1458 3244 alias.

390 3280 410 3346 Β)
423 3280 503 3334 Aliae
512 3299 539 3348 p.
551 3280 614 3333 104:
629 3281 711 3349 σοφία,
725 3282 850 3349 φρόνησις,
861 3280 970 3348 ἀνδρεία,
981 3283 1138 3349 σωφροσύνη,
1149 3282 1292 3348 δικαιοσύνη
1304 3282 1439 3334 occurunt
1452 3298 1458 3343 ;

282 3385 355 3437 quac
373 3369 491 3423 virtutos
510 3370 592 3436 (duae
612 3369 792 3434 dianoeticae,
814 3372 873 3423 tres
897 3368 1016 3438 ethicae)
1040 3368 1183 3421 Posidonii
1204 3370 1270 3422 sunt
1288 3367 1458 3438 principales

282 3458 330 3528 (cf.
350 3457 497 3512 Schmekel
514 3475 542 3526 p.
561 3458 635 3528 272).
666 3458 724 3512 Nec
743 3475 808 3512 varo
828 3458 986 3527 disceptare
1005 3458 1104 3523 audeo,
1122 3475 1190 3510 num
1208 3460 1324 3527 propter
1343 3457 1415 3511 hanc
1429 3459 1458 3511 et

283 3546 349 3599 alias
368 3563 464 3599 causas
483 3546 552 3600 haec
570 3546 718 3615 appendix,
737 3549 769 3599 ut
782 3546 955 3615 Spengalius,
968 3545 1093 3609 Fuhrius,
1107 3546 1154 3599 alii
1168 3546 1243 3601 docti
1255 3546 1307 3600 viri
1324 3547 1458 3615 suspicati

282 3637 357 3698 sunt,
376 3634 471 3703 spuria
489 3634 526 3687 sit
543 3635 677 3703 putanda.
715 3635 787 3688 Nam
806 3634 841 3687 cf.
860 3635 1021 3688 Wendland
1040 3653 1067 3704 p.
1087 3634 1146 3688 66³.

389 3723 411 3788 ν
430 3723 484 3777 a..
505 3723 578 3793 ινι,
599 3722 688 3791 uia,
709 3724 772 3792 [ιιι

391 3812 412 3882 ⁵)
433 3812 468 3864 cf.
488 3811 577 3865 Zeller
595 3811 640 3864 III
658 3812 688 3863 1⁸
706 3830 731 3880 p.
752 3811 805 3864 239
815 3828 856 3879 sq.

390 3901 412 3969 ‘t
433 3900 467 3955 cf.
487 3901 576 3953 Zeller
594 3899 634 3953 Ill
653 3900 682 3952 1Β
700 3918 728 3968 p.
747 3900 808 3953 447.

393 3989 412 4054 ⁷)
432 3989 474 4042 De
503 3991 636 4056 quattuor
663 3989 814 4042 virtutibus
842 3990 1036 4060 cardinalibus,
1060 4008 1130 4059 quae
1153 3993 1253 4060 postea
1276 3992 1458 4060 vocabantur,

282 4077 446 4132 Ciceronem
474 4078 519 4130 vel
544 4077 685 4145 proprium
707 4076 832 4131 libellum
858 4079 1043 4144 composuisse
1067 4080 1234 4148 accepimus.
1272 4080 1345 4135 Ordo
1364 4082 1459 4134 autem

283 4167 351 4235 ipse,
371 4183 455 4234 quem
474 4164 569 4219 Cicero
590 4167 624 4219 de
643 4165 698 4220 inv.
717 4166 747 4218 ΙΙ
766 4166 873 4236 53‚]60,
892 4167 958 4221 alias
978 4170 1007 4221 et
1025 4171 1123 4221 auctor
1140 4169 1175 4221 ad
1192 4168 1226 4222 H.
1239 4168 1281 4222 ΠΙ
1293 4169 1336 4236 2,3
1350 4192 1384 4218 =
1397 4169 1460 4235 6,10

283 4255 386 4308 inillis
405 4254 556 4307 virtutibus
575 4255 769 4309 enumerandis
792 4258 819 4308 et
836 4257 1045 4324 -perscribendis
1064 4256 1224 4326 observant,
1243 4258 1396 4312 communis
1417 4261 1460 4312 est

284 4347 368 4411 atque
388 4344 520 4396 cohaeret
547 4360 591 4396 me
614 4343 706 4398 iudice
730 4361 790 4397 cum
810 4344 920 4399 ratione
939 4361 980 4413 ea,
1009 4363 1065 4413 qua
1083 4344 1203 4399 virtutes
1222 4346 1460 4400 distribuebantur

283 4431 437 4484 secundum
454 4433 549 4499 partes
568 4431 683 4485 animae.
723 4432 757 4487 cf.
778 4433 976 4487 Mutschmann
995 4452 1023 4502 p.
1042 4433 1156 4488 15-16.
