3278 5206
762 415 982 479 ,46-

283 616 389 679 genus
425 595 692 679 comparaverim,
729 592 817 678 quod
850 598 1103 683 παραδιηγήσεως
1140 595 1284 679 speciem
1320 592 1461 658 redolet:

285 709 368 766 auet.
394 698 436 765 ad
458 701 500 765 H.
525 700 658 782 18,12:
694 701 857 764 alterurn
880 720 979 782 penus
1009 705 1053 765 est
1075 701 1282 781 narrationis,
1307 701 1389 781 quod
1412 704 1462 766 in-

286 810 435 873 tercurrit
449 827 689 887 nonnumquam
708 813 764 872 aut
779 807 854 888 fidei
869 813 926 871 aut
942 808 1175 872 criminationis
1189 815 1246 873 aut
1262 810 1463 874 transitionis

285 920 343 979 aut
366 914 506 978 alicuius
529 914 744 994 apparitionis
767 933 874 978 causa.

392 1019 460 1085 (lie.
495 1019 512 1083 1
539 1020 649 1100 19327:
685 1021 861 1101 alterum,
895 1023 932 1084 in
962 1041 1022 1101 quo
1053 1020 1204 1104 dipressio
1235 1021 1345 1104 aliqua
1375 1028 1464 1087 entra

284 1148 415 1192 causam
437 1133 494 1194 cut
517 1129 750 1192 criminationis
773 1133 831 1191 aut
860 1127 1084 1192 similitudinis
1099 1134 1155 1192 ant
1171 1126 1385 1193 delectationis
1399 1150 1464 1194 non

284 1234 407 1298 alienae
429 1235 468 1298 ab
492 1255 525 1298 eo
549 1235 682 1316 amotio,
707 1253 768 1313 quo
791 1234 829 1298 de
853 1235 969 1315 apitur,
1006 1240 1062 1298 cut
1085 1233 1345 1317 amplificationis
1367 1255 1463 1300 causa

287 1343 511 1423 interponitur.

392 1447 433 1511 ef.
457 1449 555 1511 etiam
579 1469 674 1512 anon.
700 1444 776 1531 Seg.
801 1445 819 1531 ξ
843 1447 886 1510 55
912 1446 1002 1532 (13,3
1021 1446 1082 1530 (ὓς
1107 1452 1198 1516 αἰδὲ
1221 1454 1463 1539 παρεμπίπτουσι

284 1560 411 1634 πίστεως
440 1558 539 1622 ἕνεκεν
566 1558 585 1638 ἢ
614 1557 768 1639 αὐξήσεως
794 1559 814 1639 ἢ
842 1557 995 1646 διαβολῆς
1021 1559 1041 1638 ἢ
1070 1556 1167 1622 ἄλλου
1196 1561 1277 1635 τινὸς
1310 1558 1462 1636 τοιούτου,

286 1666 409 1740 ἅστινας
431 1667 483 1728 καὶ
505 1667 795 1751 παραδιηγήσεις
817 1666 896 1740 τινὲς
919 1668 1075 1729 καλοῦσιν.

392 1767 521 1831 Etenim
545 1766 740 1830 Aristoteles
765 1788 907 1854 quoque,
932 1776 968 1831 ut
989 1769 1132 1831 insertae
1150 1768 1362 1848 narrationes,
1380 1789 1462 1853 quas

286 1873 503 1956 commendat,
539 1875 615 1954 fidei
649 1880 706 1939 aut
738 1875 970 1939 criminationis
1005 1873 1146 1960 (πίστεως
1178 1879 1198 1958 ἢ
1224 1873 1385 1966 διαβολῆς)
1409 1880 1465 1938 out

285 1980 498 2045 delectationis
510 2000 607 2044 carme
623 1979 841 2045 adhibeantur
856 1982 1048 2066 praecipere
1061 1979 1258 2064 intellegitur
1272 2003 1290 2044 e
1304 1979 1463 2066 exemplis

287 2085 308 2150 l.
334 2109 362 2149 c.
388 2085 493 2150 allatis
517 2097 550 2150 et
572 2086 682 2150 verbis
699 2085 763 2150 illis
780 2096 946 2172 postremo
962 2086 1034 2151 loeo
1050 2088 1167 2172 positis
1184 2087 1217 2171 (ἢ
1233 2091 1292 2155 ὅσα
1307 2093 1386 2173 ἡδέα
1399 2070 1466 2168 τοῖς

285 2194 469 2274 δικασταῖς).
495 2191 1463 2279 Sedipsishisexemplisrespectisphilosophumvocabuio

285 2302 568 2392 παραδιηγεῒσδοιιῐ)
580 2322 647 2364 non
659 2302 864 2364 narrationes
878 2300 1066 2384 diligentius
1080 2300 1257 2386 perfectas,
1283 2300 1343 2365 sed
1355 2303 1463 2387 potius

286 2405 440 2492 parvulas
465 2406 689 2471 adnotationes
697 2407 733 2493 ²),
770 2417 805 2472 ut
839 2410 885 2471 ita
920 2407 1038 2489 dicam,
1067 2429 1127 2492 per
1150 2415 1252 2470 totam
1277 2411 1465 2498 ἀπαγγελίαν

287 2512 454 2598 dispersas
479 2511 664 2599 appellasse
703 2516 898 2578 existimem
946 2513 1037 2592 Quas
1073 2512 1309 2595 adnotationes,
1345 2513 1464 2598 quibus

280 2630 397 2687 ,orator
436 2621 544 2683 omnia
582 2620 624 2684 ad
663 2642 758 2685 suum
796 2620 1005 2684 commodum
1041 2622 1148 2701 vertit,
1184 2618 1378 2683 Aristoteles
1412 2620 1465 2684 ΙΙΙ

289 2727 458 2798 tulmen
484 2728 524 2790 17
561 2735 684 2818 γνώμας
718 2729 880 2791 nominat:
917 2735 1064 2818 γνώμαιςν
1088 2732 1125 2794 δὲ
1159 2729 1306 2817 χρηστέον
1343 2733 1396 2795 καὶ
1433 2732 1464 2794 ἐν

287 2839 459 2922 διηγήσει
482 2841 534 2901 καὶ
558 2841 589 2902 ὲν
622 2840 730 2902 πίστει·
752 2838 862 2919 ἠθικὸν
885 2839 955 2924 γάρ,
981 2839 1055 2916 „nol
1079 2838 1139 2924 ἐγὼ
1163 2835 1275 2916 ἔδωκα,
1299 2839 1352 2902 nal
1374 2828 1463 2901 ταῦτ’

287 2945 376 3021 εἰδὼς
399 2949 440 3020 ὡς
464 2946 498 3010 οὐ
521 2947 571 3009 δεῖ
590 2943 759 3009 πιστεύειν“
784 2938 842 3023 (ef.
869 2943 964 3004 etiam
991 2939 1107 3003 1414b
1133 2938 1175 3024 7).

393 3045 508 3111 Talem
532 3046 687 3111 narrandi
702 3049 871 3125 rationem,
895 3069 979 3132 quae
996 3055 1064 3111 tota
1078 3048 1221 3132 pertinet
1236 3047 1277 3110 ad
1293 3050 1463 3132 ἠθοποιΐαν,

287 3152 523 3238 Antiphontem
546 3156 580 3218 in
605 3151 731 3216 deliciis
748 3152 904 3217 habuisse
928 3149 1161 3236 Reuterusss)
1188 3162 1283 3216 acute
1300 3152 1463 3216 observat.

287 3260 418 3324 Etenim
442 3269 537 3324 vetus
561 3259 615 3322 ille
640 3268 748 3324 orator
775 3261 808 3323 in
843 3261 1029 3323 narratione
1064 3260 1286 3344 reputationes
1322 3268 1465 3323 contem·

287 3365 514 3452 piationesque
537 3369 685 3430 intexere
710 3365 802 3448 solet,
829 3388 925 3452 quam
948 3364 1221 3430 consuetudinem
1237 3365 1464 3447 Andocidem)

289 3495 419 3558 quoque
445 3474 600 3558 sequitur.

394 3579 463 3644 Nee
487 3580 687 3643 Anaximeni
711 3578 775 3643 hoc
799 3579 955 3643 narrandi
977 3601 1094 3664 genus,
1119 3579 1207 3665 quod
1224 3579 1256 3643 in
1273 3590 1466 3642 transcursu

396 3810 416 3872 ¹)
436 3806 527 3860 Velim
545 3807 676 3860 attendas
696 3823 760 3859 eum
778 3807 830 3860 hoc
848 3807 975 3877 verbum,
1004 3825 1061 3862 non
1089 3825 1191 3861 nomen
1210 3806 1418 3876 παραδιηγήσιως
1435 3806 1463 3859 in

288 3913 341 3948 usu
361 3896 473 3950 hahere.

396 3985 416 4050 ²)
437 3983 603 4052 Spengelius
631 3983 660 4036 in
688 3984 889 4038 commentario
917 3985 953 4036 ad
972 3984 1056 4040 Arist.
1085 3984 1213 4038 1417a3
1241 3986 1280 4055 (p.
1299 3982 1362 4050 439)
1382 4000 1466 4038 voca·

288 4072 387 4126 bulum
405 4077 613 4142 παραδιηγεῖσδαι
641 4073 680 4126 sic
709 4071 842 4141 explicat:
873 4073 1033 4137 „occasione
1062 4075 1129 4128 data
1156 4073 1311 4128 narrationi
1339 4088 1373 4127 ea
1391 4072 1468 4126 facta

289 4161 419 4229 inserere,
439 4179 510 4228 quae
529 4161 645 4214 oratoris
664 4178 755 4214 mores
774 4162 933 4227 ostendunt,
953 4166 1002 4216 aut
1020 4167 1102 4232 grata
1121 4166 1187 4216 sunt
1206 4161 1353 4217 auditori.“

398 4250 418 4315 3)
438 4250 678 4318 Beobnchtungen
706 4268 753 4303 zur
772 4250 899 4305 Technik
926 4252 974 4304 des
1002 4252 1157 4320 Antiphon,
1185 4251 1304 4305 Hermae
1332 4250 1466 4319 38,1903

292 4357 320 4407 p.
339 4338 391 4391 482
411 4356 452 4406 sq.

399 4429 420 4493 ⁴)
440 4427 475 4481 ef.
495 4427 573 4480 Blase
592 4428 623 4482 A.
643 4428 675 4482 B.
695 4429 733 4496 1⁹,
751 4447 779 4497 p.
799 4429 851 4481 321
872 4428 989 4498 (passim
1008 4448 1038 4498 p.
1055 4429 1191 4500 315323).
