3278 5206
707 406 929 470 -34-

228 583 336 650 cibus:
354 584 536 648 memoriam
552 583 755 648 multitudine
770 582 859 647 illam
875 585 1111 661 absolutionem,
1136 603 1218 666 quas
1236 577 1354 644 Cicero
1371 580 1404 642 in

227 689 319 754 libris
348 690 390 755 de
416 692 482 755 inv.
512 689 528 752 I
552 689 650 765 2232
679 690 913 755 distributionis
940 692 1077 754 virtutes
1109 708 1184 752 esse
1212 685 1291 763 vult,
1316 708 1405 751 nunc

229 797 361 883 quidem
376 797 410 860 in
426 797 592 882 prooemio
609 794 778 881 postulari,
800 798 844 860 ita
861 806 896 861 ut
912 795 1106 862 Ciceronem
1123 797 1157 859 in
1177 791 1405 881 partitionibus

229 904 389 985 oratoriis,
413 902 470 966 ubi
494 904 677 969 diuisionem
700 925 766 966 non
789 905 855 967 iam
877 915 913 967 ut
928 905 1092 990 propriam
1109 902 1263 967 orationis
1280 908 1407 986 partem

227 1010 376 1094 agnoscit
400 1008 455 1095 (cf.
481 1033 512 1095 p.
538 1009 607 1093 22),
633 1011 704 1072 eius
729 1018 907 1095 praecepta
930 1009 972 1074 ad
994 1012 1117 1073 iustum
1142 1018 1174 1072 et
1190 1005 1405 1094 principalem

227 1115 336 1180 locum
370 1117 527 1180 reiecisse
557 1114 777 1201 colligendum
806 1119 856 1180 sit.
903 1117 988 1181 Nam
1022 1115 1171 1202 profecto
1201 1114 1404 1193 affinitatem,

229 1245 313 1308 quae
319 1226 518 1304 principium
533 1224 618 1287 inter
635 1232 667 1286 et
677 1225 882 1305 partitionem
897 1223 984 1309 apud
996 1223 1162 1286 Romanos
1175 1221 1284 1287 locum
1296 1219 1405 1299 habet,

229 1329 306 1394 inde
341 1330 553 1416 repetendam
591 1351 678 1410 esse,
717 1328 804 1415 quod
840 1328 1010 1394 divisionis
1045 1337 1224 1415 praecepta
1254 1332 1406 1412 magnam

227 1444 354 1521 partem
377 1458 395 1499 e
419 1436 585 1522 prooemio
610 1435 803 1522 deprompta
827 1445 859 1500 et
883 1436 1030 1500 derivata
1053 1445 1139 1508 sunt,
1168 1433 1405 1520 disceptatione

229 1542 444 1606 antecedente
468 1540 636 1629 probabile
662 1541 785 1606 factum
809 1565 883 1607 esse
909 1543 1050 1628 speroll.

337 1648 376 1711 In
411 1648 601 1717 docilitate
638 1647 844 1734 explananda
868 1647 1036 1714 Aristoteli
1071 1670 1147 1712 cum
1170 1644 1406 1733 posterioribus
1460 1696 1462 1700 .

228 1757 392 1837 convenit,
410 1778 484 1819 cum
501 1756 584 1820 haec
600 1756 670 1819 fere
688 1755 780 1819 dicit:
801 1757 911 1820 1415a
928 1757 985 1821 37:
1003 1761 1046 1837 εἰς
1060 1761 1097 1823 δὲ
1109 1759 1275 1846 εὐμάθειαν
1287 1759 1407 1822 ἅπαντα

228 1866 332 1943 ἀνάξει
357 1859 436 1945 <toa
459 1867 501 1943 εἰς
522 1869 671 1954 προσοχὴν
696 1877 702 1890 ·
734 1872 879 1955 συμφέρει
900 1869 946 1943 δέ,
972 1865 1075 1931 εὔνοον
1097 1874 1218 1947 ποιῆσαι
1239 1867 1291 1928 καὶ
1313 1885 1404 1950 προσ-

229 1969 367 2054 aaaron>
400 1974 452 2037 ἐάν
478 1997 525 2050 τις
552 1973 710 2061 βούληται,
739 1976 850 2038 καὶτὸ
875 1975 988 2053 ἐπιεικῆ
1012 1974 1202 2061 φαίνεσθαι·
1225 1974 1406 2058 προσέχουσι

229 2083 289 2166 γὰρ
325 2083 443 2166 μᾶλλον
478 2081 607 2156 τούτοις.
656 2075 710 2139 Sic
744 2077 831 2139 enim
859 2075 1006 2139 Marxius
1035 2099 1066 2161 p.
1096 2075 1161 2139 319
1185 2073 1273 2138 hunc
1295 2071 1404 2137 locum

336 2287 356 2352 ¹)
376 2287 467 2353 Atque
487 2285 598 2340 omnino
617 2286 690 2339 hanc
709 2285 841 2339 orationis
860 2288 978 2354 partem,
999 2302 1083 2352 quam
1096 2283 1191 2338 (iicero
1210 2286 1240 2337 st
1258 2286 1355 2338 auctor
1368 2283 1404 2336 ad

228 2374 263 2428 H.
282 2374 397 2427 tertiam
424 2377 565 2444 statuunt,
592 2374 692 2428 Graeci
718 2391 775 2428 non
797 2375 913 2443 habent,
936 2375 1046 2428 illorum
1071 2374 1182 2426 demum
1199 2374 1295 2426 aetate
1313 2375 1404 2426 ortam

230 2479 290 2516 esse
310 2462 413 2530 opinor.
450 2462 494 2515 Ad
512 2463 593 2516 huius
611 2463 652 2518 rei
671 2463 755 2516 fidem
773 2464 887 2531 praeter
905 2463 983 2524 illud,
1002 2464 1074 2530 qnod
1094 2462 1169 2531 prior
1187 2461 1331 2516 divisionis
1339 2479 1404 2529 pars
1456 2500 1460 2507 .

229 2549 379 2605 manifesto
412 2552 447 2605 ad
482 2551 670 2620 Hermagorae
701 2552 843 2621 κρινόμενον
875 2551 1000 2620 pertinet
1032 2551 1080 2621 (cf.
1108 2570 1135 2620 p.
1159 2552 1222 2620 31),
1255 2551 1324 2603 haec
1355 2567 1404 2617 po·

228 2638 367 2692 tissimum
384 2640 492 2693 valent:

337 2728 361 2781 1.
389 2729 430 2780 Ex
458 2729 519 2798 ipsa
547 2729 694 2798 varietate,
719 2746 791 2797 qnae
814 2729 843 2781 in
862 2729 1003 2783 divisionis
1022 2728 1209 2796 descriptione
1229 2727 1305 2780 inter
1323 2728 1404 2781 ambo

229 2817 377 2885 scriptores
397 2820 491 2871 exstat
510 2849 543 2857 —
564 2816 659 2872 (licere
678 2818 864 2873 distributioni
881 2821 940 2872 tres
959 2817 1077 2872 virtutes
1096 2816 1205 2882 subicit,
1225 2834 1288 2870 oum
1307 2820 1404 2870 auctor

230 2907 266 2959 ad
296 2905 328 2959 H.
358 2923 419 2960 eam
437 2907 468 2958 in
485 2907 710 2961 munerationem
736 2911 765 2961 et
790 2908 980 2976 expositionem
1004 2907 1114 2976 digerat
1133 2937 1175 2973 —,
1195 2904 1320 2958 conicere
1338 2905 1406 2959 licet

229 2994 372 3048 divisionis
391 2995 547 3048 doctrinam
565 2999 708 3049 recentem
726 2997 848 3049 necdum
867 2997 962 3049 aetate
980 2997 1107 3049 sanctam
1125 2993 1218 3048 fuisse.

336 3083 362 3136 2.
383 3083 462 3136 Bruti
481 3085 601 3152 quodam
617 3086 679 3138 loco
698 3084 796 3153 88,302
823 3085 870 3155 (cf.
890 3085 975 3137 etiam
999 3101 1050 3152 pro
1074 3082 1312 3150 Quinctiorum)
1334 3082 1405 3136 Hor-

229 3172 335 3225 tensius
355 3172 480 3226 attulisse
509 3172 611 3227 dicitur
633 3174 741 3227 minime
758 3173 869 3243 cuipare
889 3189 975 3242 penus
993 3172 1113 3236 dicendi;
1136 3173 1206 3226 duas
1230 3171 1336 3239 quidem
1354 3186 1404 3240 res,

230 3277 298 3329 orias
315 3277 390 3316 nemo
410 3261 493 3316 atius:
507 3262 680 3329 partitiones,
699 3263 797 3330 quibus
815 3263 945 3317 derebus
969 3263 1091 3316 dicturam
1114 3266 1181 3316 esset
1200 3265 1253 3315 etc.
1291 3260 1351 3314 Hoc
1370 3277 1403 3314 an

230 3367 326 3404 verum
346 3350 390 3417 sit,
411 3350 518 3418 dubito,
538 3351 669 3419 quoniam
688 3351 867 3406 Hortensium
887 3350 1063 3418 undeviginti
1075 3367 1163 3404 annos
1177 3352 1275 3403 natum
1286 3338 1405 3418 primam

229 3438 384 3492 orationem
408 3439 538 3493 habuisse
561 3439 662 3493 scimus
686 3439 1066 3510 (v.dsorat.11161,229),
1094 3438 1233 3492 Ciceronis
1256 3439 1351 3492 autem
1371 3438 1405 3492 de

230 3526 392 3580 inventione
410 3527 484 3596 libri,
498 3528 545 3581 ubi
558 3529 628 3582 haec
640 3528 783 3583 divisionis
797 3529 945 3598 disciplina
958 3529 1014 3582 iam
1028 3529 1136 3582 ratione
1149 3526 1404 3596 comprehenditur,

231 3614 305 3669 circa
325 3633 428 3668 annum
441 3617 477 3669 90
496 3617 622 3684 eipuero
641 3623 690 3672 aut
707 3617 906 3673 adulescentulo
920 3635 933 3672 e
945 3617 1167 3672 commentariolis
1186 3617 1341 3671 eruderant
1359 3617 1405 3687 (de

231 3704 417 3774 orat.12,5).
455 3705 510 3759 Sed
537 3707 565 3760 id
594 3725 679 3761 unum
705 3725 740 3760 ex
760 3708 814 3761 hoc
833 3708 912 3760 Bruti
934 3708 997 3761 loco
1021 3707 1155 3775 suspicari
1174 3706 1307 3759 debemus
1326 3704 1405 3759 initio

230 3792 314 3860 primi
326 3793 431 3847 saeculi
442 3794 514 3848 tales
529 3795 677 3850 divisiones
691 3797 764 3865 apud
776 3797 914 3850 Romanos
926 3797 973 3850 vix
986 3796 1032 3849 diu
1045 3796 1073 3849 in
1086 3813 1166 3848 usum
1175 3796 1301 3863 receptas
1310 3793 1405 3849 fuisse.

337 3881 364 3934 3.
382 3881 474 3936 Velim
492 3885 622 3937 attendas
641 3884 676 3937 de
695 3885 751 3938 inv.
771 3884 886 3952 123,33,
904 3885 953 3938 ubi
971 3885 1061 3938 iactat
1079 3884 1198 3937 Tullius:
1217 3899 1249 3936 ac
1266 3889 1330 3937 sunt
1348 3883 1406 3936 alia

230 3985 335 4038 quoque
352 3977 500 4040 praecepta
520 3973 709 4042 partitionum,
734 3990 803 4041 quae
830 3973 868 4027 ad
890 3975 962 4028 aune
983 3990 1062 4027 usum
1086 3973 1234 4027 oratorium
1255 3988 1311 4025 non
1329 3977 1405 4027 tanto

231 4073 310 4126 opere
322 4059 487 4126 pertineant,
507 4077 576 4129 quae
594 4067 737 4115 amsantur
754 4062 785 4114 in
798 4061 984 4131 philosophia,
1004 4077 1036 4114 ea
1055 4060 1152 4129 quitus
1166 4061 1232 4115 haec
1243 4061 1305 4128 ipsa
1317 4066 1405 4115 trans-

231 4146 349 4216 tulimus,
369 4164 438 4215 quae
460 4151 600 4203 conuenire
623 4150 792 4214 uidebantur,
811 4166 924 4218 quorum
948 4150 1019 4204 uiuit
1036 4150 1066 4204 in
1089 4149 1183 4203 ceteris
1206 4149 1310 4203 artibm
1332 4150 1406 4205 inae·

230 4235 370 4288 nichomas
392 4237 439 4302 (cf.
463 4238 498 4290 ad
522 4238 596 4291 hunc
619 4239 710 4291 locum
733 4238 879 4302 Thielium
905 4240 1011 4305 quaest.
1040 4257 1067 4306 p.
1086 4237 1193 4304 91-2).
1231 4238 1407 4309 Quapropter

231 4323 381 4378 verisimile
406 4341 466 4378 esse
490 4327 609 4381 arbitror
634 4329 725 4381 totam
749 4327 784 4380 de
803 4327 937 4381 divisione
961 4326 1116 4380 doctrinam
1136 4326 1275 4381 Ciceronis
1295 4329 1405 4382 demum

230 4413 405 4481 temporibus
424 4414 530 4469 Romae
550 4417 682 4471 celebrari
701 4419 830 4485 coeptam
845 4434 918 4470 esse.
