3278 5206
709 449 931 513 ..39-

628 628 658 690 4.
684 626 729 690 ab
754 626 872 691 rebus
895 626 1004 711 ipsis.

299 751 405 817 Anax.
417 752 507 834 86,4:
521 759 792 842 συμπαραληιιτέον
913 750 1052 834 Dionys.
1078 751 1168 829 28‚7:
1198 758 1271 821 τότε
1293 759 1330 820 δὲ
1352 761 1407 838 τὴν

231 865 268 927 δὲ
297 865 349 927 καὶ
380 865 438 938 τὰς
470 859 735 940 ἐλαττώσειςί),
767 861 796 927 εἴ
848 862 1007 926 ἀσθένειαν
1023 865 1079 942 τὴν
1094 862 1173 926 ἰδίαν
1188 864 1240 926 καὶ
1251 865 1306 944 τὴν
1317 867 1406 929 πλεο·

231 991 287 1035 που
300 978 361 1034 τῶν
374 969 531 1034 ἀντιδίκων
542 971 792 1047 καταδεεστέρως
845 967 943 1045 νεξίαν
966 971 1020 1050 τὴν
1043 977 1099 1033 τοῦ
1123 969 1276 1033 ἀντιδίκου
1300 973 1352 1034 καὶ
1370 972 1407 1034 τὸ

232 1075 293 1163 ἔχει
314 1078 388 1163 πρὸς
410 1078 447 1140 τὸ
463 1077 563 1162 λέγειν
578 1076 598 1157 ἢ
613 1078 757 1159 πράττειν
771 1076 791 1156 ἢ
847 1076 888 1161 μὴ
903 1077 968 1162 περὶ
979 1084 1040 1138 τῶν
1050 1073 1123 1139 ἴσων
1136 1075 1321 1164 ἀμφοτέροις
1333 1073 1407 1141 εἶναι

231 1181 311 1248 ἄλλο
326 1206 357 1247 τι
371 1192 432 1247 τῶν
447 1187 513 1270 περὶ
527 1184 581 1246 τὸν
597 1182 709 1269 ἀγῶνα.
748 1177 789 1242 ef.
844 1184 898 1246 τὸν
919 1182 1024 1269 ἀγῶνα
1044 1184 1229 1247 ὑποδείκνυσι
1231 1227 1405 1257 ......

231 1284 317 1364 67,9.
844 1289 917 1352 τότε
939 1291 976 1352 δὲ
998 1287 1077 1360 ἄλλο
1095 1311 1126 1352 τι
1140 1289 1406 1376 παρασκευάζεται

844 1404 904 1458 τῶν
923 1397 1097 1481 δυναμένων
1113 1396 1204 1459 αὐτὸν
1221 1398 1274 1482 μὲν
1290 1399 1407 1484 ὠφελῇ·

845 1525 905 1576 σαι,
933 1505 987 1566 τὸν
1009 1504 1046 1566 δὲ
1069 1502 1220 1567 ἀντιδικον
1244 1504 1405 1567 ἐλαττῶ-

845 1604 945 1688 σαιῑ).
1082 1603 1084 1608 ’

337 1709 430 1774 Haeo
445 1716 699 1801 παραγγέλματα
709 1718 870 1795 quatenus
887 1710 1052 1797 pertinent
1075 1709 1117 1774 ad
1133 1711 1289 1776 rationem
1306 1709 1404 1793 illam,

231 1838 296 1902 qua
325 1815 413 1902 apud
443 1814 591 1881 Graecos
622 1838 700 1880 reus
732 1815 786 1881 vel
813 1826 989 1881 accusator
1017 1817 1175 1901 simplicis
1204 1827 1236 1881 et
1262 1818 1406 1904 imperiti

229 1923 380 2000 hominis,
409 1922 451 1986 ab
479 1923 661 1987 rhetoricae
690 1921 829 1987 fallaciis
858 1922 955 1987 alieni
982 1923 1129 2007 (ἰδιώτου)
1158 1946 1334 2009 personam
1357 1925 1404 1987 in-

230 2029 332 2094 duere
355 2027 570 2115 iubebaturl),
600 2029 688 2116 apud
710 2030 887 2109 Romanos,
912 2030 1034 2116 quippe
1059 2032 1114 2115 qui
1138 2031 1171 2093 in
1194 2030 1323 2094 iudiciis
1347 2052 1404 2116 pe-

229 2144 341 2200 tronos
370 2157 463 2199 orare
491 2146 691 2222 paterentur,
722 2139 831 2201 minus
859 2135 1022 2201 valebant.
1071 2136 1137 2201 Sed
1166 2136 1254 2222 quod
1281 2135 1404 2200 Anaxi-

229 2264 343 2307 menes
372 2251 404 2306 et
431 2242 613 2329 Dionysius
637 2241 710 2308 Hal.
735 2242 918 2328 (Isocratei)
947 2240 1012 2306 alie
1039 2264 1170 2328 quoque
1197 2242 1405 2307 incommoda

230 2370 328 2433 quam
355 2348 504 2434 plurima,
535 2349 654 2435 quibus
682 2358 794 2415 nostra
818 2371 919 2414 cause
941 2347 1077 2429 laboret,
1105 2349 1304 2435 praestanda
1328 2371 1403 2414 esse

228 2454 415 2540 iudicant3),
444 2455 507 2520 hoc
535 2457 599 2543 ipsi
627 2456 735 2520 Latini
763 2457 911 2520 rhetores
942 2458 1156 2542 praecipiunt,
1191 2458 1218 2519 si
1246 2479 1312 2520 non
1340 2453 1402 2520 sub

228 2563 320 2628 rebus
341 2565 422 2642 ipsis
445 2572 478 2626 at
502 2573 590 2628 certe
615 2563 677 2628 sub
701 2570 811 2630 nostro
828 2584 977 2643 persono.
1016 2563 1099 2626 Nam
1123 2562 1240 2628 Cicero
1263 2563 1279 2626 Ι
1305 2562 1401 2645 16,22

228 2668 387 2753 prodesse
411 2669 552 2734 affirmet
566 2672 604 2752 si,
629 2691 709 2751 quae
725 2671 920 2735 incommodo
936 2671 1105 2736 acciderint
1121 2677 1177 2735 oet
1193 2691 1273 2751 quoe
1287 2673 1404 2736 instent

228 2775 447 2858 difficultates,
464 2779 678 2860 proferentur,
702 2787 815 2841 auctor
838 2776 880 2840 ad
903 2775 946 2838 H.
969 2775 987 2838 Ι
1011 2776 1080 2857 5,8:
1103 2778 1261 2842 sinestra
1285 2779 1403 2842 imcom-

228 2881 322 2947 modo
327 2885 539 2965 proferemus,
553 2886 704 2966 inopiam,
721 2883 932 2954 solitudinem,
947 2883 1169 2965 calamitatem,
1182 2885 1203 2948 i.
1217 2904 1244 2951 e.
1256 2891 1292 2945 ut
1306 2883 1403 2945 mise-

227 2988 402 3073 ricordim)
427 2992 588 3054 excitetur
612 2988 793 3073 suadent5).
835 2989 931 3069 Quod
957 2989 1089 3075 quidem
1114 2988 1230 3054 Cicero
1254 2998 1337 3074 part.
1355 3010 1399 3053 or.
1455 3059 1459 3067 ¹

228 3094 349 3176 35‚121
382 3106 414 3160 et
442 3096 483 3160 de
512 3106 590 3162 orat.
616 3096 794 3176 1179‚321
821 3094 968 3183 (Anton.)
998 3095 1149 3161 dilucidis
1173 3094 1284 3161 verbis
1307 3117 1400 3182 prae·

229 3200 352 3265 scribit.

334 3307 488 3373 Attamen
513 3311 545 3373 in
568 3320 671 3396 parte,
696 3333 780 3396 quae
806 3313 944 3376 sumitur
968 3313 1007 3376 ab
1030 3313 1125 3376 redas
1140 3313 1230 3391 t'psis,
1253 3311 1402 3392 Romani,

336 3485 356 3550 ¹)
383 3483 460 3537 idem
489 3484 623 3538 terminus
652 3488 757 3538 exstat:
785 3485 900 3554 Antiph.
924 3484 948 3537 V
972 3484 1019 3548 19;
1048 3485 1126 3540 Dem.
1151 3484 1221 3553 18‚3‚
1250 3484 1328 3538 elias.
1365 3483 1402 3538 cf.

228 3570 348 3640 Spengel
365 3591 393 3641 p.
412 3574 473 3627 245.

335 3663 356 3727 ²)
375 3661 454 3716 Hanc
472 3662 618 3730 rationem,
638 3665 670 3715 nt
688 3663 786 3730 aptate
805 3664 848 3715 est
866 3663 902 3716 ed
915 3678 1006 3716 mores
1019 3662 1240 3731 Atheniensium,
1259 3662 1355 3731 populi
1373 3662 1402 3716 iu

227 3748 414 3818 suspicionem
436 3751 627 3819 λογοδαιδαλίας
649 3750 769 3804 maxime
793 3750 883 3820 proni,
907 3753 1031 3805 oratores
1050 3750 1138 3804 Attici
1161 3751 1316 3805 sexcenties
1339 3767 1401 3819 per·

219 3841 381 3905 sequuntur
401 3856 460 3905 usu,
479 3839 519 3892 ita
538 3841 570 3892 ut
589 3840 717 3909 exempla
736 3840 878 3894 cumulare
897 3839 981 3894 facile
1001 3840 1043 3893 sit.
1077 3839 1112 3893 cf.
1126 3840 1247 3910 Spengel
1259 3840 1289 3892 in
1302 3857 1400 3894 comm.

226 3944 254 3994 p.
273 3925 335 3992 246,
354 3926 480 3980 Navarre
498 3946 525 3995 p.
545 3928 660 3981 eet-5.

335 4015 355 4079 ⁸)
375 4015 509 4085 Exempla
532 4033 547 4069 e
571 4017 727 4071 oratoribus
745 4017 848 4071 Atticis
866 4022 979 4087 sumpta
996 4018 1099 4072 iterum
1118 4018 1283 4088 Spengelius
1302 4037 1329 4086 p.
1349 4017 1403 4073 245

228 4104 257 4155 ei
275 4102 427 4157 Navarrius
445 4122 473 4173 p.
492 4104 546 4158 230
555 4123 594 4173 sq.
614 4106 761 4174 praebent.

334 4193 356 4262 ⁴)
376 4192 457 4246 Haud
476 4210 556 4248 secus
573 4194 740 4250 Aristoteles
760 4196 894 4249 luebat
906 4191 973 4252 ἔλεον
986 4197 1015 4250 in
1027 4196 1170 4266 prooemio
1183 4198 1405 4267 comparandum

228 4296 289 4333 esse
308 4283 397 4350 putet.

334 4370 355 4435 ⁶)
378 4371 438 4425 Nec
462 4371 569 4426 Tullius
591 4373 665 4426 hanc
689 4373 845 4428 doctrinam
868 4375 898 4427 in
921 4374 1091 4430 orationibus
1115 4375 1170 4432 suis
1193 4376 1326 4446 neglegit.
1364 4376 1399 4431 ci.

227 4458 325 4512 Rohde
343 4477 372 4527 p.
391 4460 505 4515 14-16.
