3278 5206
713 429 933 492 ..15-

237 609 271 671 in
293 609 507 687 imprudentia
536 605 721 669 tractanda:
751 627 827 670 nam
851 610 906 686 qui
928 626 961 670 se
982 614 1110 688 propter
1132 611 1275 691 oinium,
1301 611 1415 695 inquit,

236 721 294 779 aut
317 734 482 778 amorem
510 719 567 777 aut
594 714 845 777 iracundiam
868 714 991 795 tupisse
1013 717 1167 779 rationem
1191 715 1308 797 (Anax.
1333 713 1416 786 δι’ὦν

238 825 429 912 ἐξιστάμεῦα
450 832 506 889 τοῦ
530 821 693 910 λογισμοῦ)
719 820 805 890 dicit,
832 822 861 884 is
877 823 978 884 aniuti
994 813 1070 885 vitiu
1086 823 1242 886 uidebitur
1257 826 1414 902 nesciisse,

236 949 300 993 non
311 929 534 1007 imprudentia.
555 926 596 990 of.
614 925 650 989 ΙΙ
666 926 780 1006 25,39;
798 929 872 990 item
888 930 1036 991 uitiosum
1052 934 1106 1008 est,
1124 929 1206 1009 quod
1221 930 1415 1012 culparem

237 1035 326 1098 liutet
349 1035 561 1110 defensionem
585 1034 642 1097 ltoc
665 1034 772 1097 modo:
795 1035 1004 1098 iracundia
1028 1035 1180 1100 deductus
1197 1040 1339 1117 peccavit
1360 1043 1416 1102 aut

235 1141 450 1206 adnleseentia
472 1148 528 1205 aut
551 1161 681 1204 urnore.
731 1139 819 1223 Ergo
845 1139 905 1203 hae
929 1160 1038 1224 nugae
1062 1144 1205 1205 reiectae
1222 1142 1262 1206 ab
1281 1154 1414 1207 auctore

237 1247 280 1310 ad
315 1248 355 1311 H.
392 1246 618 1334 philosophiae
653 1269 719 1310 nou
751 1247 847 1332 plane
881 1249 1031 1332 imperito
1064 1249 1097 1311 in
1126 1248 1253 1332 vulgari
1288 1252 1414 1313 institu-

237 1357 324 1417 tione
359 1355 435 1418 inde
464 1377 483 1418 a
514 1354 657 1439 Gorgiae
689 1353 891 1439 temporibus
921 1353 1108 1418 haerebant.
1161 1355 1262 1441 Atqui
1298 1355 1413 1422 Cicero

237 1463 308 1545 ipse
341 1483 482 1547 quoque,
513 1463 568 1546 qui
597 1461 730 1525 eosdem
760 1483 862 1546 prope
891 1471 998 1524 motus
1028 1463 1127 1524 animi
1160 1463 1323 1544 (amorem,
1348 1467 1413 1529 ira-

235 1569 395 1646 cundiam,
419 1569 640 1650 vinolentiam)
666 1571 745 1654 ter1)
771 1570 928 1648 nominat,
953 1590 1010 1632 eos
1035 1568 1052 1631 Ι
1076 1569 1184 1651 mal,
1215 1591 1414 1656 quamquam
1509 1584 1512 1589 '

237 1696 335 1738 secus
371 1685 468 1760 atque
504 1674 698 1739 Aristoteles
735 1674 780 1760 (et
807 1685 921 1738 auctor
956 1673 998 1738 ad
1027 1675 1082 1758 H.)
1112 1677 1196 1739 inter
1219 1684 1262 1744 τὰ
1285 1682 1414 1746 ἀκούσια

236 1780 346 1862 hahet,
382 1791 491 1846 tamen
527 1805 546 1845 a
576 1785 769 1865 purpatione
805 1781 978 1845 secludere
1013 1782 1156 1845 videtur:
1193 1786 1260 1848 eicm
1293 1785 1410 1866 (modi)

231 1894 342 1969 partes
376 1896 452 1954 stunt
486 1891 703 1972 pendentia
742 1895 770 1953 et
809 1888 1118 1974 imprudentia2).
1178 1891 1413 1956 Prudentiae

235 1998 320 2060 ratio
344 1997 508 2077 quaeritur
530 2017 568 2060 eu
591 1999 642 2073 iis,
667 2017 748 2078 auae
764 1998 855 2075 clarii,
874 1996 999 2076 palam,
1015 1999 1056 2074 ui,
1068 2000 1278 2076 persuasione
1293 1999 1410 2079 fecerit.

236 2101 261 2165 I
263 2103 538 2187 mprudentia2)
575 2109 631 2168 aut
664 2105 699 2167 in
728 2107 954 2185 purpationem
988 2104 1158 2187 confertur,
1191 2106 1282 2169 cicius
1304 2110 1415 2184 partes

196 2266 199 2271 .
236 2214 311 2272 snut
344 2211 522 2291 inscientia,
556 2232 657 2290 casus,
689 2210 893 2290 necessitudo,
923 2215 980 2274 ant
1007 2211 1041 2274 in
1070 2211 1277 2291 adiectionem
1301 2214 1413 2291 animi,

234 2315 290 2380 loc
314 2322 366 2397 est,
395 2317 578 2398 molestiam,
609 2317 868 2387 iracundiam,
899 2338 1060 2382 amorem
1092 2323 1120 2381 et
1143 2323 1253 2388 cetera,
1279 2321 1415 2398 quaem

233 2423 334 2486 simili
349 2445 457 2505 periere
472 2431 646 2489 versantur.
677 2421 726 2488 cf.
744 2432 827 2508 part.
844 2442 889 2488 or.
908 2423 1023 2504 12,43:
1042 2429 1221 2503 quaemotn
1237 2425 1340 2488 animi
1358 2475 1363 2489 .
1381 2473 1388 2488 .
1408 2475 1414 2488 .

235 2529 323 2610 fucta
357 2532 426 2593 sine
459 2532 582 2595 ratione
608 2538 692 2610 sunt,
721 2552 757 2595 eu
781 2531 977 2613 defensiones
1005 2536 1113 2603 contra
1139 2531 1257 2595 crimen
1279 2532 1315 2595 in
1338 2531 1414 2613 lepi·
1490 2578 1493 2583 -

234 2638 324 2700 timis
345 2637 476 2701 indiciis
499 2658 563 2702 non
587 2638 700 2702 habent
724 2685 861 2706 .....

341 2760 468 2842 Restat,
503 2771 539 2824 ut
565 2760 710 2846 reliquos
740 2769 843 2824 status
876 2759 1057 2825 aGraecis
1087 2759 1251 2824 adhibitos
1275 2762 1415 2824 investi·

233 2889 364 2950 gemus:
406 2865 564 2932 Consulto
608 2867 715 2932 adhuc
762 2868 868 2931 Anax.
910 2868 1075 2952 89,9sqq.
1116 2866 1261 2930 noudum
1307 2867 1409 2949 attuli,

233 2975 363 3036 tametsi
398 2973 451 3038 hie
488 2994 633 3060 quoque·
654 2977 831 3040 constitutio
866 2974 1089 3040 coniecturalis
1122 2972 1189 3058 (89,
1221 2975 1344 3056 9-11)
1380 2983 1412 3037 et

231 3083 386 3145 concessio
421 3080 532 3164 (eom
547 3083 610 3167 sq.)
644 3081 787 3145 dilucide
817 3080 1116 3166 deprehenduntur.
1168 3080 1235 3147 Sed
1264 3080 1411 3144 secunda

233 3187 430 3271 constitutio,
467 3208 551 3271 quae
585 3188 682 3268 89,11
718 3190 851 3252 tractari
881 3189 1003 3274 incipit,
1038 3210 1103 3251 non
1139 3196 1190 3251 est
1216 3189 1411 3254 iuridicialis

230 3294 385 3377 absoluta,
411 3294 471 3358 sed
494 3294 609 3380 procul
633 3294 732 3359 dubio
757 3297 945 3378 lepitima,
971 3316 1054 3380 quae
1078 3294 1167 3379 apud
1183 3303 1349 3358 auctorem
1367 3294 1409 3358 ad

231 3399 273 3464 H.
309 3410 455 3466 vocatur.
506 3402 549 3466 Et
576 3402 717 3487 primum
747 3402 880 3488 quidem
916 3402 1013 3484 90,11
1029 3424 1100 3487 sqq.
1136 3400 1176 3464 de
1201 3403 1409 3466 contrariis

229 3507 382 3589 lapibus
420 3507 605 3591 disseritur,
640 3520 708 3573 tum
743 3508 784 3573 de
820 3509 1008 3591 ambipuis
1048 3517 1079 3571 et
1120 3529 1161 3571 ex
1194 3510 1338 3589 scripto
1374 3514 1409 3572 et

229 3734 326 3789 deinde
344 3740 436 3789 utrum
454 3735 521 3790 duta
538 3738 575 3791 sit
594 3752 685 3805 opera
705 3743 734 3791 ut
752 3737 866 3791 sciretur
884 3753 921 3789 cn
938 3751 1006 3797 non;
1026 3734 1122 3789 deinde
1140 3739 1230 3788 utrum
1244 3750 1310 3788 cusu
1321 3736 1407 3788 nesci-

228 3824 282 3877 erit
299 3841 336 3878 un
354 3824 444 3893 culpa.
482 3826 554 3880 Tota
573 3827 642 3880 haec
661 3825 824 3894 praeceptio
844 3826 878 3878 ad
897 3821 1059 3893 Periphtum
1080 3824 1191 3892 spectat
1214 3823 1261 3890 (ci.
1282 3823 1407 3892 Loening

162 3975 165 3981 Ι
228 3930 255 3979 p.
275 3912 338 3980 224)
358 3915 388 3967 et
406 3914 480 3968 haud
499 3915 556 3968 scio
576 3933 612 3968 an
631 3932 693 3968 eum
713 3933 764 3968 usu
783 3914 887 3969 forensi
906 3914 1063 3969 cohaereat.

337 4003 358 4070 ¹)
377 4001 392 4054 Ι
409 4003 504 4071 27‚41;
524 4003 553 4056 11
571 4004 647 4074 5,17;
666 4003 694 4056 Π
712 4004 783 4072 9,30.

337 4090 357 4158 ²)
375 4090 671 4159 ,Animadvertendum
698 4096 742 4146 est
768 4092 933 4146 vocabulum
960 4090 1158 4158 imprudentiae
1190 4089 1235 4142 hie
1262 4092 1321 4142 tam
1348 4090 1406 4142 late

228 4181 335 4246 patere.
382 4179 453 4233 Nam
482 4181 549 4236 alibi
575 4183 621 4248 (de
644 4182 701 4236 inv.
724 4183 845 4250 115‚1r;
871 4179 992 4250 119‚30;
1015 4182 1087 4250 part.
1112 4197 1150 4233 or.
1174 4177 1283 4244 37,131)
1310 4177 1405 4232 Cicero

228 4285 338 4336 quoque
357 4268 566 4337 imprudentiam
584 4272 612 4324 in
627 4271 804 4342 perpatiaris
822 4271 947 4340 partibus
967 4269 1049 4337 ducit,
1068 4267 1217 4336 inquibus
1236 4269 1331 4320 nostro
1343 4267 1405 4320 loco

227 4359 269 4424 (et
291 4360 365 4426 part.
385 4375 425 4412 or.
445 4359 535 4429 luta)
565 4378 615 4429 pro
644 4360 692 4413 illa
720 4359 865 4413 substituit
897 4357 1074 4412 inscientiam.
1118 4356 1177 4410 Nec
1203 4356 1309 4421 dubito,
1338 4356 1404 4424 quin

226 4445 282 4500 alio
301 4446 362 4500 loco
382 4446 468 4500 alium
487 4451 630 4504 auctorem
649 4452 791 4518 sequatur.
811 4448 845 4502 ei.
865 4448 950 4501 etiam
968 4446 1074 4512 Thiale,
1094 4465 1120 4516 p.
1140 4447 1184 4499 40.
