3278 5206
657 493 697 500 ,-
743 456 876 520 93..

177 635 384 715 observasse,
410 655 507 718 quam
530 656 571 697 ue
589 632 785 698 Aristoteles
811 631 942 717 quidem
967 632 1126 698 abnuerit.
1173 634 1243 698 Nec
1259 636 1354 698 tertia

176 762 241 805 non
264 742 437 822 invenitur,
463 762 546 825 quae
563 743 596 804 in
612 739 816 824 gradationis
834 739 974 831 (κλῖμαξ)
991 739 1129 804 formam
1152 739 1228 823 abit,
1254 763 1354 826 quam

176 848 401 912 Anaximenes
436 846 490 928 30,
519 848 539 911 5
576 857 608 911 et
643 847 695 929 83,
727 847 780 931 7¹)
817 846 959 911 dilucide
995 847 1128 933 profert,
1157 846 1353 912 Aristoteles

177 955 379 1041 praeteriens
405 954 516 1019 1365a
534 954 575 1019 16
591 966 754 1019 memorat
770 954 887 1018 eodem
903 963 1000 1041 atque
1017 953 1243 1018 Anaximenes
1261 954 1314 1037 30,
1333 955 1353 1019 6

176 1062 312 1125 termino
336 1060 603 1153 (tactnobopetfll)
628 1083 720 1126 usus.

283 1183 382 1270 Apud
419 1188 617 1271 posteriores
653 1209 731 1250 vero
770 1185 833 1250 bae
857 1194 1029 1249 accuratae
1069 1185 1281 1271 comparandi
1322 1195 1355 1250 et

175 1291 318 1374 augendi
341 1295 484 1357 rationes
509 1293 894 1379 frust1·aquaeruntur³),
919 1294 1263 1379 praeterquamquod
1288 1315 1353 1357 uno

176 1407 264 1460 certe
291 1397 364 1463 loco
389 1399 435 1464 'de
466 1409 545 1464 orat.
575 1399 610 1462 ΙΙ
640 1402 693 1481 85,
722 1400 788 1464 348
818 1397 969 1484 (Antan.)
1006 1399 1089 1464 haec
1123 1399 1279 1484 legimus:
1309 1407 1355 1465 est

175 1506 269 1568 etiarn
301 1527 371 1570 cam
394 1510 504 1572 ceteris
524 1508 759 1588 praestantibus
781 1509 860 1571 airis
888 1509 1081 1588 comparatio
1105 1509 1141 1570 in
1168 1507 1353 1572 laudatione
1445 1548 1447 1552 ι

173 1611 352 1692 praeclara.

283 1718 327 1781 At
354 1721 491 1783 strictim
523 1719 862 1804 amplificationes
896 1727 933 1782 et
965 1721 1258 1783 attenuationes
1288 1741 1355 1784 non

176 1846 249 1889 raro
278 1825 367 1909 apud
390 1825 524 1890 Latinos
554 1826 839 1890 commendantur:
870 1825 912 1894 cf.
942 1847 969 1888 e.
995 1847 1043 1909 g:
1075 1835 1160 1889 auct.
1190 1826 1233 1890 ad
1256 1826 1297 1891 H.
1327 1826 1354 1907 Ι,

178 1933 209 2011 b,
235 1932 254 1995 8
280 1952 313 1977 =
338 1931 407 1998 Cic.
430 1933 457 2014 Ι,
486 1934 535 2008 16,
562 1934 603 1996 22
628 1936 661 1996 iu
684 1935 864 2019 prooemio,

177 2177 279 2230 nempe
302 2177 397 2215 secum
424 2163 601 2230 reputantes:
630 2162 719 2231 ipsam
746 2179 841 2215 rerum
868 2164 998 2215 naturam
1025 2163 1176 2230 postulare,
1205 2165 1237 2214 ut
1263 2162 1354 2230 prima

179 2251 299 2316 quadam
322 2252 352 2303 et
375 2249 509 2320 singulari
531 2254 612 2318 parte
635 2254 733 2305 nostra
756 2251 991 2319 confirmaremus,
1019 2251 1107 2304 altera
1134 2251 1355 2304 adversariorum

176 2339 450 2404 argumentationem
471 2338 665 2407 refutaremus,
690 2339 777 2392 tertia
799 2339 1037 2408 comparationem
1062 2339 1280 2406 institueremus,
1300 2357 1355 2407 qua

179 2429 303 2479 nostram
323 2443 435 2480 causam
455 2444 627 2496 augeremus,
655 2427 877 2481 adversariorum
895 2428 1121 2496 deprimeremus.
1160 2427 1212 2492 Qui
1231 2445 1296 2480 vero
1315 2428 1355 2480 illi

177 2514 289 2582 fuerint,
310 2516 355 2583 qui
375 2517 443 2570 talia
457 2517 600 2571 Aristoteli
618 2534 675 2570 nou
694 2517 814 2585 probata
832 2517 898 2584 (nisi
918 2518 992 2585 quod
1013 2517 1153 2571 1414b2.
1173 2559 1179 2570 .
1199 2517 1354 2586 avannac-

178 2603 246 2670 aera,
265 2603 363 2672 inquit,
385 2648 390 2658 .
404 2647 410 2658 .
425 2647 431 2659 .
446 2648 452 2659 .
469 2602 495 2661 ἓν
508 2612 562 2669 ταῖς
575 2605 736 2674 δημηγορίαις
748 2606 803 2660 τότε
815 2605 931 2674 γίγνεται,
950 2605 1009 2661 ὅταν
1023 2606 1147 2675 ἀντιλογία
1159 2605 1187 2682 ᾗ)
1199 2608 1355 2676 traderent,

178 2708 234 2744 non
254 2693 321 2746 satis
341 2698 458 2748 constat.
497 2694 672 2763 Quamquam
692 2694 857 2763 Spengelius
876 2695 905 2747 iu
925 2695 1126 2749 commentario
1145 2713 1173 2763 p.
1192 2695 1245 2747 424
1264 2695 1354 2749 Theo·

179 2781 275 2833 dorum
294 2782 478 2851 Byzantinum
497 2784 646 2852 intellegit,
667 2801 749 2852 quem
767 2801 835 2837 voce
854 2778 1013 2854 ἐπεξελέγχου
1027 2784 1132 2851 (1414b
1145 2783 1189 2848 15)
1209 2786 1239 2836 et
1250 2788 1282 2838 τὰ
1293 2784 1355 2851 πρὸς

177 2869 220 2924 τὸν
240 2870 361 2925 ἀντίδικον
381 2874 411 2924 et
429 2873 628 2942 ἀντιπαραβολήἀ
647 2873 892 2940 comprehendisse
910 2889 945 2926 ex
964 2875 1023 2926 toto
1041 2873 1096 2926 loci
1108 2871 1271 2926 Aristotelei
1288 2889 1354 2926 aon-

178 2959 261 3011 textu
281 2959 445 3027 suspicatur.

288 3049 309 3112 ¹)
329 3048 483 3117 Utrobique
501 3051 617 3104 verbnm
636 3047 741 3116 εἰκάζειν
762 3052 861 3103 exstat.

289 3137 309 3202 ²)
330 3137 365 3191 cf.
384 3138 545 3192 Weudland
563 3157 590 3207 p.
611 3138 667 3192 60¹.

285 3226 305 3291 8)
327 3226 381 3279 Sed
400 3227 456 3280 noli
481 3228 594 3281 credere
614 3229 808 3281 contentiones
828 3245 844 3280 a
863 3227 995 3282 Romanis
1013 3229 1156 3296 neglectas
1177 3244 1245 3281 esse.
1281 3227 1355 3280 Nam

180 3312 343 3368 Ciceronem
361 3315 390 3367 in
414 3316 586 3370 orationibus
606 3317 769 3386 saepissime
795 3319 844 3370 aut
863 3317 1058 3371 delectationis
1077 3321 1125 3370 aut
1143 3316 1354 3385 vituperationis

177 3403 270 3471 gratia
296 3405 345 3456 aut
372 3404 432 3458 aliis
460 3406 495 3458 de
524 3405 613 3459 causis
642 3404 837 3459 contentiones
867 3407 950 3458 variis
979 3421 1126 3473 usurpasse
1146 3404 1244 3472 modis,
1263 3404 1354 3458 Preis-

177 3491 297 3544 werkius
315 3494 458 3560 praeclare
477 3512 504 3561 p.
526 3494 649 3546 107-23
669 3495 850 3547 demonstrat.
890 3493 962 3556 Quas
981 3498 1078 3546 tamen
1097 3497 1129 3547 ut
1142 3493 1176 3546 ad
1189 3509 1236 3546 eas
1249 3492 1353 3546 formas

177 3581 326 3648 redegerit,
351 3598 422 3649 quae
447 3582 519 3651 apud
541 3583 660 3636 Graecos
680 3582 934 3649 frequentabantur
960 3585 989 3635 et
1016 3582 1046 3634 in
1069 3582 1273 3636 commentariis
1291 3583 1354 3635 rhc·

179 3669 271 3722 toricis
295 3671 567 3737 commendabantur,
592 3673 703 3724 tantum
727 3669 814 3737 abest,
842 3673 875 3722 ut
894 3670 1000 3723 Tullius
1020 3673 1049 3724 et
1076 3672 1120 3724 vel
1149 3671 1239 3738 magis
1268 3671 1354 3724 etiam

179 3760 276 3811 auctor
295 3758 331 3811 ad
343 3758 377 3812 H.
397 3758 516 3812 similem
529 3762 613 3827 atque
626 3758 814 3812 Anaximenes
827 3760 868 3825 (et
880 3758 1056 3826 Aristoteles)
1069 3759 1204 3812 mandant
1216 3759 1355 3812 rationem

179 3846 365 3916 comparandi,
385 3847 413 3899 in
433 3847 508 3901 vitiis
528 3847 773 3915 argumentationis
794 3848 894 3900 ducere
914 3847 1069 3900 videantur.
1107 3847 1144 3902 cf.
1168 3850 1239 3900 auct.
1264 3848 1301 3899 ad
1319 3846 1353 3898 H.

177 3933 268 4003 1128,
291 3935 338 3986 45:
363 3935 431 3989 Item
453 3936 578 3990 citioswn
601 3942 640 3990 est
663 3937 693 3990 in
716 3936 907 4003 satraparandis
929 3936 1009 3990 rebus
1032 3935 1145 3989 alteram
1167 3951 1223 3989 ran
1251 3935 1353 4002 efferre,

179 4021 212 4075 de
233 4038 262 4075 re
285 4023 372 4077 altera
393 4025 551 4079 mentionem
573 4041 629 4078 non
650 4026 740 4090 facere
759 4031 807 4079 ant
824 4025 1006 4094 malagentias
1025 4025 1179 4093 disputare:
1202 4031 1234 4079 nt
1251 4026 1277 4079 si
1295 4041 1354 4078 cnm

179 4117 355 4178 comparetur,
375 4153 381 4165 .
402 4154 408 4167 .
428 4156 434 4168 .
454 4130 522 4181 quae
539 4113 677 4167 commoda
694 4114 750 4167 siat
775 4114 806 4171 in
834 4113 919 4168 attera
946 4130 976 4168 re
1003 4130 1074 4182 aaa,
1102 4120 1183 4182 earet,
1213 4119 1354 4177 maneret,

179 4215 246 4266 qaae
264 4200 294 4253 in
311 4200 397 4255 altera
416 4202 583 4256 incommoda
599 4204 655 4256 sint
674 4208 699 4256 et
717 4219 786 4271 qaae
798 4202 861 4257 uelit
874 4203 1000 4270 derrasse
1013 4209 1169 4271 praetereat
1181 4209 1230 4256 ant
1241 4218 1275 4256 ea
1286 4217 1355 4271 qnae

179 4288 289 4342 minima
310 4290 374 4357 sint,
393 4290 474 4345 dicat.
512 4295 552 4345 et:
572 4291 634 4345 item
655 4291 781 4345 vitiosam
805 4297 843 4345 cst
870 4291 900 4344 in
927 4291 1007 4346 redas
1033 4292 1223 4360 comparandis
1243 4290 1355 4346 'necare

178 4379 288 4466 Q&
300 4377 486 4434 atterentem
504 4380 661 4448 vituperari,
681 4396 740 4434 ann
759 4381 871 4437 atteram
891 4380 985 4435 landes
1004 4422 1011 4435 .
1031 4422 1037 4434 .
1059 4423 1065 4434 .
1085 4384 1234 4450 (peraeque
1248 4380 1302 4435 Cic.
1318 4381 1354 4434 de

179 4464 235 4519 inv.
254 4467 267 4520 Ι
286 4467 384 4536 50,94).
