3278 5206
712 436 932 499 ,79-

342 620 411 683 Iam
435 638 514 680 vero
540 615 579 678 de
596 613 742 679 Platonis
759 617 916 677 virtutum
933 613 1153 699 descriptione
1175 611 1317 678 adeundi
1334 623 1410 676 sunt
1471 656 1474 663 .

234 726 404 792 Raederus
440 724 563 808 passim
600 721 772 806 (imprimis
807 743 838 805 p.
869 720 935 784 210
947 718 1032 805 sqq.)
1073 731 1105 783 et
1138 719 1411 784 Mutschmannus

234 856 266 919 p.
290 832 384 912 XIV,
412 831 462 898 16,
511 828 576 908 Qui
611 829 672 891 viri
702 828 788 892 docti
813 826 876 891 hoc
900 826 1159 913 explanaverunt
1182 827 1352 891 Platonem
1375 828 1409 889 in

235 937 398 1023 prioribus
428 937 558 1021 scriptis
589 943 739 1019 quattuor
767 932 830 998 illis
858 935 1039 998 notissimis
1064 934 1409 1019 virtutibusdcrdmror

236 1043 404 1106 addidisse
415 1044 449 1124 ¹),
479 1051 593 1127 postea
620 1063 698 1105 vero
729 1040 852 1127 ubique
884 1040 1076 1105 sollemnem
1099 1043 1255 1105 virtutum
1279 1040 1407 1126 quadri·

235 1151 441 1232 partitionem
464 1169 654 1231 usurpasse,
679 1146 733 1212 vel
756 1149 875 1234 potius,
900 1153 937 1213 ut
952 1146 1132 1230 Zellerus2)
1157 1149 1315 1234 opinatur,
1334 1168 1409 1211 cum

236 1276 307 1317 eam
339 1264 520 1340 usurparet,
554 1253 744 1319 sollemnem
778 1255 973 1321 reddidisse.
1022 1254 1128 1334 Quam
1159 1255 1297 1319 eandem
1321 1255 1409 1340 apud

236 1359 446 1424 Aristotelem
469 1383 534 1425 uno
558 1369 681 1425 tantum
704 1360 787 1438 loco,
815 1360 874 1426 sed
889 1361 1058 1427 luculento
1079 1363 1189 1426 inveni
1211 1362 1280 1426 Pol.
1297 1362 1362 1426 Vll
1381 1365 1408 1439 1,

237 1467 350 1532 1323a
373 1467 416 1533 28
428 1490 476 1552 sq.
486 1467 526 1551 ³):
558 1473 656 1548 οὐδεὶς
681 1476 741 1560 γὰρ
771 1474 806 1536 ἂν
835 1475 907 1560 φαίη
941 1476 1090 1561 μακάριον
1112 1477 1165 1539 τὸν
1190 1475 1283 1561 μηδὲν
1308 1475 1410 1560 μόριον

235 1577 345 1665 ἔχοντα
368 1580 491 1666 ἀνδρίας
507 1581 584 1665 μηδὲ
600 1580 791 1669 σωφροσύνης
808 1581 885 1666 μηδὲ
900 1581 1093 1661 δικαιοσύνης
1110 1581 1188 1667 μηδὲ
1203 1574 1406 1668 φρονησεωςί)

235 1691 267 1743 et
291 1704 320 1765 q.
339 1703 376 1758 s.,
394 1679 513 1766 quibus
532 1680 642 1744 verbis
658 1678 873 1767 philosophus
891 1680 976 1745 hanc
1000 1681 1322 1768 quadripartitionem
1339 1683 1408 1745 suis

233 1786 434 1872 temporibus
470 1791 503 1851 in
538 1786 657 1871 vulgus
686 1788 901 1852 descendisse
934 1788 1106 1874 significat.
1158 1788 1312 1854 Ceterum
1336 1787 1409 1869 Aris

234 1894 367 1958 stoteles
403 1896 608 1979 saepissime,
643 1895 700 1959 ubi
735 1894 839 1960 obiter
873 1897 1011 1959 virtutes
1042 1894 1164 1960 ethicas
1193 1897 1305 1980 tangit,
1336 1899 1409 1980 ipsc

234 2022 363 2086 quoque
398 2006 593 2094 σωφροσύνην
633 2000 752 2083 solum,
796 2007 949 2094 ἀνδρείαν,
990 2007 1179 2088 δικαιοσύνην
1217 2003 1406 2088 speciminis

232 2109 336 2191 gratia
372 2118 606 2172 commemorat
639 2117 674 2172 ut
709 2108 790 2194 Top.
829 2109 919 2173 lora
951 2110 985 2191 73
1020 2107 1094 2174 Eth.
1131 2109 1204 2174 Nic.
1240 2107 1352 2172 1144b
1376 2107 1407 2178 5,

234 2214 577 2300 1177a31sq.;P01.
604 2214 722 2279 1259b
749 2215 861 2298 24,31;
887 2216 999 2280 126οα
1023 2217 1082 2292 21;
1108 2217 1149 2280 cf.
1175 2217 1272 2280 etiam
1296 2214 1338 2277 M.
1363 2213 1406 2276 M.

234 2319 406 2401 1185b73
445 2321 559 2386 1207b
584 2322 636 2386 25.
684 2323 823 2386 Accedit
858 2322 946 2408 quod
980 2323 1073 2387 Rhet.
1111 2322 1171 2386 [6
1202 2331 1234 2386 et
1256 2322 1317 2386 19
1346 2319 1406 2384 has

198 2512 200 2514 .
235 2437 300 2490 tres
327 2429 461 2491 virtutes
489 2428 646 2511 reliquae,
676 2450 773 2514 quam
801 2428 867 2493 illio
892 2429 1027 2514 praebet
1051 2430 1149 2493 seriei
1172 2430 1348 2514 anteponit,
1372 2436 1409 2489 ut

231 2585 416 2638 Friedrichius
441 2586 605 2655 exstirpant.
650 2587 687 2639 At
709 2603 818 2649 vereor,
842 2603 877 2640 ne
901 2586 1028 2640 confusio
1053 2604 1109 2640 non
1132 2585 1334 2654 interpolatori,
1358 2586 1407 2640 sed

230 2673 284 2743 ipsi
304 2674 431 2728 Ciceroni
450 2675 558 2729 crimini
577 2677 714 2730 vertenda
732 2675 778 2730 sit.
810 2672 988 2745 Quapropter
1005 2694 1041 2730 ne
1060 2676 1089 2729 in
1108 2675 1168 2746 §87
1183 2675 1294 2743 quidem
1307 2673 1405 2727 verba:

231 2779 301 2831 φααο
319 2754 483 2831 propter-:se
506 2770 674 2832 expetuntur,
700 2781 772 2833 quae
795 2765 883 2819 verba
906 2765 957 2819 viri
981 2766 1057 2819 docti
1082 2765 1151 2819 item
1170 2764 1310 2829 auferunt,
1334 2780 1408 2816 rese·

231 2853 322 2905 canda
341 2869 402 2906 esse
420 2854 526 2923 putavi,
545 2855 711 2923 praesertim
729 2871 793 2907 oum
811 2854 934 2924 partitio,
956 2871 1030 2922 quae
1048 2854 1092 2907 his
1112 2853 1205 2907 vorbis
1224 2869 1279 2907 non
1293 2851 1408 2907 sublatis

231 2941 342 3010 evadat,
366 2945 396 2995 et
418 2942 563 3010 paululum
585 2943 639 2996 alia
663 2945 705 2996 est
728 2947 812 3010 atque
836 2943 865 2995 in
889 2947 903 3012 ᾗ
922 2943 957 2996 86
983 2960 1122 3011 expressa.
1146 2959 1217 3011 quae
1242 2942 1276 2995 de
1299 2940 1355 2993 inv.
1380 2939 1408 2992 lI

231 3046 290 3098 cap.
304 3031 339 3082 52
353 3031 499 3099 repetitur,
513 3049 565 3086 neo
578 3032 661 3100 plane
676 3032 822 3101 singularis
836 3035 888 3087 est.
910 3032 981 3085 Nam
993 3033 1066 3100 quod
1075 3050 1149 3086 nuno
1161 3031 1191 3084 in
1203 3032 1315 3099 integra
1326 3046 1407 3098 para·

230 3119 336 3188 grapho
355 3119 389 3172 87
414 3121 488 3173 inter
509 3111 543 3173 eu
566 3138 634 3188 quae
654 3127 768 3189 propter
789 3136 818 3175 se
841 3127 1004 3189 expetamus
1022 3138 1079 3175 non
1097 3121 1186 3175 solum
1206 3119 1333 3187 virtutes,
1357 3119 1407 3171 sed

231 3208 316 3262 etiam
336 3210 459 3277 eorporis
478 3213 508 3263 et
521 3212 638 3263 externa
651 3211 724 3264 bona
737 3211 930 3278 numerantur,
951 3227 1017 3264 eece
1032 3210 1149 3263 similem
1163 3210 1319 3263 doctrinam
1332 3208 1407 3276 apud

229 3295 306 3351 Stob.
326 3297 556 3368 11135,1sq.W.
587 3299 782 3368 Peripateticis
800 3299 937 3353 tributam
956 3299 1119 3365 invenimus,
1140 3315 1194 3367 quo
1214 3297 1274 3350 loco
1292 3298 1406 3365 praeter

229 3385 347 3440 virtutes
371 3387 452 3440 etiam
479 3404 523 3440 res
547 3390 697 3442 extraneae
720 3389 793 3442 inter
816 3392 848 3443 τὰ
871 3390 903 3442 δι’
928 3389 992 3442 αὑτὰ
1017 3385 1102 3455 αἱρετά
1121 3387 1265 3456 apparent.
1303 3384 1405 3436 Mirum

229 3477 326 3528 tamen
344 3476 464 3541 videtur,
489 3477 562 3543 quod
582 3479 654 3544 part.
674 3494 713 3530 or.
731 3477 774 3538 24,
794 3477 828 3528 87
854 3493 884 3530 eu
903 3492 972 3544 quae
986 3481 1128 3544 propter
1145 3491 1179 3528 se
1197 3478 1358 3542 metuntur
1375 3472 1405 3524 in

230 3565 341 3618 easdem
361 3565 421 3617 fere
441 3565 548 3632 species
568 3564 745 3632 diducuntur,
764 3565 793 3616 in
812 3581 880 3632 quas
901 3566 936 3617 de
955 3565 1011 3617 inv.
1031 3563 1059 3616 II
1081 3565 1115 3617 52
1134 3579 1166 3616 eu
1184 3578 1252 3631 quae
1271 3561 1406 3615 omnino

229 3659 391 3720 expetuntur
409 3657 458 3707 aut
471 3659 587 3721 propter
604 3669 632 3707 se
651 3656 701 3706 aut
714 3659 828 3721 propter
848 3652 974 3716 fructum.

338 3744 359 3810 ¹)
378 3743 489 3796 Raedor
515 3761 543 3810 p.
570 3742 671 3811 81-23
701 3741 820 3810 128-9;
848 3742 1046 3795 Mutschmann
1073 3761 1101 3810 p.
1125 3741 1198 3802 XIV,
1222 3741 1270 3807 qui
1292 3739 1406 3806 insuper

230 3831 487 3899 quinquepertitam
506 3831 671 3886 divisionem
690 3833 830 3900 quondam
849 3832 995 3900 vulgarem
1008 3831 1093 3884 fuisse
1107 3848 1142 3884 ex
1161 3848 1193 3885 eo
1207 3829 1315 3896 conicit,
1329 3828 1404 3896 quod

230 3920 330 3973 eadem
356 3920 384 3972 in
413 3921 606 3988 Xenophontis
633 3921 763 3988 Agesilao
791 3938 814 3974 ο.
839 3920 909 3974 3-6
937 3923 966 3974 et
985 3919 1114 3974 Isocratis
1143 3919 1272 3987 Euagora
1296 3917 1403 3969 22-26

228 4007 347 4078 legatur.

337 4098 356 4162 ἠ
378 4097 410 4150 G.
429 4099 455 4152 d.
474 4098 523 4151 Ph.
544 4098 569 4151 d.
591 4096 899 4166 e.111⁴p.883-4.

336 4186 356 4250 ⁸)
376 4186 461 4239 Paulo
489 4188 555 4240 ante
583 4203 600 4239 a
623 4187 657 4239 25
680 4194 754 4256 τριῶν
777 4187 889 4240 illarum
908 4188 1024 4256 μερίδων,
1047 4194 1096 4246 τῶν
1114 4207 1141 4242 τε
1160 4182 1230 4248 ἐκτὸς
1248 4186 1359 4240 καὶτῶν
1378 4181 1405 4237 ἐν

228 4281 263 4344 τῷ
283 4279 381 4345 σώματι
399 4277 442 4330 καὶ
460 4282 510 4330 τῶν
531 4271 557 4331 ἒν
575 4282 606 4353 τῇ
625 4281 692 4353 ψυχῇ
711 4275 816 4329 mentio
836 4276 875 4329 fir.
1400 4338 1403 4343 ἢ

334 4366 356 4430 ⁴)
376 4365 493 4433 φρόνησις
517 4364 562 4418 hic
585 4364 683 4418 latiore
702 4381 785 4418 sensu
803 4365 900 4433 utitur,
923 4367 956 4418 ut
975 4380 1009 4419 ex
1029 4382 1045 4419 a
1063 4365 1126 4418 32-
1135 4364 1170 4417 34
1189 4365 1329 4420 concludo.
1367 4361 1403 4416 cf.

227 4451 333 4523 Bonita,
352 4452 437 4506 index
456 4471 476 4508 s.
496 4472 522 4508 v.
1210 4470 1214 4476 ·
