3278 5206
665 383 794 459 -“63
844 432 879 439 .-

186 583 299 637 notare
327 573 426 636 iubet.
473 571 672 637 Addcndum
701 582 751 636 est
778 572 831 636 ΙΙΙ
858 574 908 652 16,
940 574 1142 657 1417a22¹)‚
1172 574 1228 639 ubi
1251 580 1362 661 ἠθικῆς

187 686 355 771 διηγήσεως
377 679 515 744 alterum
540 679 727 765 exemplum
751 680 814 744 hoc
831 679 982 744 traditur:
1007 684 1091 750 ἄλλα
1107 685 1221 765 ἠδικὰ
1235 691 1278 751 τὰ
1293 687 1360 751 ἑπό-

187 784 293 876 ριεναῖ)
318 791 439 877 ἑκάστῳ
462 790 559 872 ἤδει,
586 789 648 857 οἷον
672 792 718 855 ὅτι
742 793 807 877 ἅμα
830 794 930 878 λέγων
954 793 1103 881 ἐβάδιζεν.
1143 789 1218 852 Huc
1235 798 1363 874 spectat

189 895 286 957 etiam
310 895 416 960 Anax.
441 895 495 976 84,
520 895 614 980 8qu
638 901 745 963 δεῖδὲ
768 902 808 985 μὴ
832 903 990 978 σκώπτειν,
1015 898 1047 964 ὃν
1071 901 1107 964 άν
1130 902 1360 988 κακολογῶμεν,

189 1005 271 1069 άλλὰ
297 1006 439 1083 διεξιέναι
464 1009 519 1070 τὸν
548 1007 613 1095 βίον
641 1007 754 1071 αὐτοῦ·
784 1008 903 1094 μᾶλλον
930 1011 989 1094 γὰρ
1015 1008 1044 1072 οἱ
1065 1009 1154 1094 λόγοι
1177 1016 1236 1071 τῶν
1260 1030 1361 1094 σκωρ-

189 1114 292 1199 μάτων
324 1115 376 1177 καὶ
405 1118 477 1189 τοὺς
508 1114 677 1190 ἀκούοντας
702 1114 872 1178 πείθουσι
898 1118 950 1178 καὶ
976 1118 1049 1190 τοὺς
1076 1118 1363 1202 κοινολογουμένους

188 1222 323 1284 λυποῦσι.
363 1225 404 1284 τὰ
428 1223 562 1307 μὲνγὰρ
587 1225 761 1308 σκώμματα
784 1222 970 1308 στοχάζεται
994 1229 1049 1302 τῆς
1072 1222 1156 1296 ἰδέας
1180 1222 1198 1301 ἢ
1229 1229 1284 1302 τῆς
1312 1221 1361 1285 οὐ·

188 1327 263 1401 σίας,
289 1327 317 1390 οἱ
339 1328 376 1390 δὲ
398 1328 487 1412 λόγοι
509 1336 570 1391 τῶν
592 1327 690 1408 ἠδῶν
706 1331 758 1392 καὶ
774 1336 833 1391 τῶν
849 1325 1022 1414 τράτυν3)
1040 1328 1111 1392 εἰσὶν
1129 1325 1190 1392 οἷον
1206 1325 1361 1407 etatae).

189 1428 328 1492 Accedit
343 1430 450 1495 Anax,
468 1430 521 1512 59,
540 1430 596 1494 18:
621 1436 658 1497 ἀν
679 1436 716 1498 δὲ
740 1435 862 1499 άστεῒον
884 1438 1011 1523 γράφειν
1019 1433 1043 1513 5)
1067 1436 1164 1524 θέλῃς
1177 1436 1283 1521 λόγον,
1306 1458 1362 1498 πα-

189 1539 365 1626 ραφύλαττε
388 1545 428 1618 ὡς
452 1543 595 1628 μάλιστα,
621 1542 698 1617 ὅπως
720 1545 762 1605 τὰ
783 1540 930 1622 ἤδη-τῶν
953 1545 1055 1628 λόγων
1080 1544 1202 1628 ὁμοιοῦν
1224 1548 1289 1616 τοῖς
1312 1541 1362 1604 άν-

190 1645 321 1732 opaea<
341 1650 464 1737 δυνήσῃ,
490 1664 573 1727 quae
599 1645 797 1728 praeceptio,
822 1655 930 1708 utrum
954 1644 996 1707 ad
1012 1651 1238 1736 λογογράφους,
1263 1666 1304 1706 an
1322 1642 1364 1706 ad

190 1746 390 1833 dialogorum
426 1752 602 1836 scriptores
639 1759 774 1835 spectet,
811 1748 933 1814 dubito.
983 1750 1017 1814 Si
1052 1772 1130 1814 vero
1166 1759 1294 1836 spectat
1323 1749 1365 1812 ad

190 1862 416 1949 λογογράφους,
441 1856 502 1921 sub
527 1879 608 1920 voce
634 1861 804 1947 ἀνδρώσας
827 1866 859 1920 et
883 1855 970 1920 illum
997 1859 1053 1942 qui
1070 1856 1168 1920 habet
1184 1859 1364 1922 orationem

192 1971 224 2025 et
251 1961 332 2026 alias
360 1986 532 2048 personae,
566 1986 650 2048 quae
681 1975 978 2028 commemorantur
1006 1966 1040 2027 in
1068 1985 1168 2027 cursu
1197 1965 1363 2045 orationiS,

191 2067 429 2152 intellegendas
454 2092 528 2134 esse
553 2072 716 2151 censeossl.
756 2069 865 2155 Atque
890 2069 946 2134 tali
970 2093 1067 2156 quam
1085 2071 1233 2133 exsecuti
1250 2091 1363 2133 sumus

192 2185 259 2240 arte
286 2181 402 2261 ἠθικῶς
429 2176 581 2241 narrandi
606 2177 772 2262 Lysiaml)
802 2199 881 2262 prae
907 2179 1024 2241 ceteris
1054 2176 1205 2241 floruisse
1234 2177 1364 2240 notissi-

194 2303 282 2347 mum
306 2293 366 2347 est.

298 2390 428 2454 Deinde
454 2390 662 2455 Aristotelem
686 2390 718 2453 id
744 2412 875 2476 quoque
899 2392 1165 2476 praescripsisse,
1189 2399 1225 2454 ut
1249 2390 1365 2453 oratio-

191 2518 251 2559 nes
280 2495 327 2560 ad
355 2498 596 2562 audientium
626 2500 774 2562 animos
804 2507 836 2561 et
863 2500 950 2562 vitae
982 2497 1254 2562 consuetudinem
1278 2505 1366 2582 apta-

192 2613 313 2684 rentur,
338 2605 488 2689 quamvis
513 2604 599 2668 [117
625 2604 686 2668 sub
712 2605 851 2669 decorae
878 2604 1071 2669 elocutionis
1088 2605 1273 2690 praeceptis
1290 2603 1367 2667 talia

128 2758 131 2763 .
193 2731 259 2773 non
281 2710 431 2796 tradam),
462 2734 536 2775 cum
563 2734 605 2775 ex
628 2710 700 2775 aliis
725 2710 818 2793 locis,
842 2720 910 2774 tum
935 2733 977 2773 ex
1001 2710 1036 2774 Il
1062 2711 1113 2792 13,
1140 2710 1365 2795 1390a25sq.

301 2903 320 2974 1)
342 2903 376 2958 σι,
396 2884 431 2956 aa
449 2904 523 2957 hune
543 2905 633 2957 iocum
652 2905 774 2957 noema·
792 2922 819 2972 p.
839 2903 940 2957 xc111.

297 2992 318 3056 ¹)
337 2991 373 3045 cf.
393 2993 443 3046 sub
463 2997 602 3063 παθητικῆς
620 2992 787 3046 narrationis
801 2992 960 3062 praeceptis
976 2991 1120 3045 terrast:
1139 2991 1194 3061 λέγε
1208 2993 1368 3060 διηγούμενος

190 3082 288 3136 καὶτὰ
306 3079 360 3137 tae
366 3102 454 3150 μενοι,
475 3100 529 3151 quo
550 3100 583 3136 ex
603 3099 738 3136 consensu
756 3083 860 3136 iterum
878 3081 960 3150 ἤδους
979 3085 1008 3136 et
1025 3084 1121 3145 κάδους
1140 3080 1269 3151 cognatio
1282 3097 1368 3149 appa·

190 3172 241 3224 ret.
278 3169 337 3223 Nec
356 3172 485 3240 exempla
503 3172 652 3239 utrobique
671 3172 768 3225 addita
785 3189 841 3225 non
861 3176 1025 3241 congruunt

298 3259 319 3325 ⁸)
338 3277 375 3314 sc.
398 3267 449 3315 τῶν
472 3260 702 3330 κατηγορουμένων.
739 3261 820 3326 Quod
843 3265 874 3315 ut
899 3278 933 3316 ex
956 3260 1017 3330 ipso
1041 3261 1247 3315 sententiarum
1268 3261 1368 3311 tenore

194 3365 384 3417 cognosceres,
408 3351 500 3404 totum
522 3351 615 3404 locum
638 3350 779 3420 exscripsi.
821 3351 902 3404 Falso
927 3349 1002 3403 enim
1024 3349 1167 3403 Nitschius
1191 3348 1209 3400 l.
1234 3364 1257 3401 c.
1281 3364 1308 3414 p.
1333 3344 1367 3398 76

193 3437 238 3490 hic
267 3437 301 3491 de
328 3438 450 3493 moribus
478 3447 522 3495 τοῦ
545 3439 659 3508 λέγοντος
682 3438 729 3508 agi
752 3438 806 3492 sibi
828 3438 980 3507 persuasit3
1008 3455 1092 3506 quam
1117 3438 1154 3491 ad
1178 3436 1369 3491 coniecturam

193 3525 372 3581 muniendam
391 3531 458 3582 ante
478 3529 627 3600 στοχάζεται
645 3545 743 3582 vocem
762 3529 789 3582 cd
809 3527 914 3581 addere
933 3527 1050 3596 cogitur.

299 3617 323 3683 ⁴)
343 3615 379 3670 cf.
399 3616 512 3686 Dionys.
532 3617 566 3670 de
586 3617 649 3686 Lys.
670 3617 711 3682 15,
732 3616 765 3669 15
784 3615 891 3672 Πε,-11.;
977 3619 1043 3671 ὥστε
1065 3612 1190 3677 εἰκόνας
1207 3607 1268 3669 εἶναι
1286 3617 1369 3668 δοκεῖν

194 3710 243 3759 τῶν
266 3702 350 3772 ἠδῶν
372 3712 429 3769 τοὺς
451 3708 572 3776 λάγους,
597 3723 651 3775 quo
675 3707 735 3760 loco
759 3705 860 3773 Lysiae
883 3701 1000 3773 ἡδοποιΐοι
1024 3703 1200 3758 describitur.
1238 3701 1369 3756 Ceterum

193 3793 433 3849 animffiversione
462 3796 577 3864 dignum
605 3798 649 3849 est
678 3796 707 3848 et
731 3795 805 3863 apud
828 3794 1032 3847 Anaximenem
1055 3795 1084 3845 et
1107 3793 1182 3862 apud
1205 3790 1369 3860 Dionysium

194 3882 349 3937 orationem
371 3903 434 3938 cum
457 3885 544 3954 signia
564 3884 729 3954 comparari.
768 3883 896 3948 Qualium
917 3882 1155 3952 comparationum
1174 3898 1305 3951 magnam
1324 3897 1368 3934 co·

193 3971 269 4039 piam
297 3974 409 4042 collegit
438 3974 597 4028 Brzoslra:
627 3975 662 4028 de
690 3991 796 4028 canone
825 3974 920 4028 decem
949 3975 1091 4027 oratorum
1113 3971 1278 4040 Atticorum
1303 3969 1368 4023 diss.

195 4058 306 4115 Vratisl.
327 4061 404 4130 1883,
423 4064 452 4116 in
471 4064 607 4133 epimetro
626 4082 653 4132 p.
673 4062 706 4116 81
718 4081 777 4131 sqq.

303 4152 323 4219 ⁶)
342 4153 414 4221 λόγον
432 4155 535 4222 γράφειν
554 4151 589 4206 cf.
609 4152 652 4217 65,
672 4153 702 4219 4;
721 4151 764 4219 99,
784 4153 808 4205 7.

303 4241 324 4310 α)
345 4241 380 4295 cf.
400 4241 562 4296 Wendland
580 4260 607 4311 p.
627 4241 686 4294 54¹.

305 4330 325 4401 τ)
346 4329 382 4384 cf.
403 4331 487 4384 etiam
507 4330 620 4400 Dionys.
642 4332 676 4384 de
696 4331 757 4400 Lys.
778 4346 858 4401 capp.
877 4329 956 4383 8-9.

304 4419 324 4488 ⁸)
344 4418 380 4472 cf.
399 4420 613 4486 Radermacher,
633 4420 686 4473 Rh.
706 4419 744 4474 Μ.
763 4420 798 4472 54
816 4436 843 4487 p.
864 4417 924 4472 376.
