3278 5206
706 368 972 449 ‘-co-

381 566 581 652 Anonymus
617 586 695 627 vero
726 563 800 647 Seg.
834 584 931 648 quem
959 561 1068 626 locum
1095 570 1317 655 παραδιηγήσει
1345 566 1451 648 assig-

274 677 411 751 na'verit,
429 676 622 759 priusquam
639 671 873 757 disceptemus,
896 669 1063 734 attendere
1081 670 1240 734 debemus
1257 669 1359 751 illum,
1378 693 1452 734 cum

274 804 340 847 non
378 781 605 866 acquiesceret
640 779 673 840 in
711 799 776 841 uno
816 782 1067 867 παραδιηγήσεως
1104 798 1226 860 genere
1266 776 1449 858 statuendo,

275 887 386 974 plures
426 889 455 950 ci
495 887 625 970 species
667 907 712 948 sc.
754 889 960 974 προδιήγησιν,
998 890 1229 975 παραδιήγησιν,
1270 889 1452 975 ἐπιδιήγησιν

279 994 469 1059 subiecisse.
520 991 594 1071 Qua
617 993 650 1054 in
673 992 847 1077 partitione
870 992 904 1054 in
928 1013 966 1054 co
985 990 1192 1072 offendimus,
1217 991 1304 1076 quod
1321 993 1452 1075 generis

278 1103 382 1187 ipsius
410 1122 530 1164 nomen
557 1100 642 1162 inter
671 1099 800 1183 specics
828 1099 995 1183 repetitur.
1042 1097 1086 1161 At.
1110 1120 1191 1161 cave
1215 1119 1256 1160 ne
1281 1107 1454 1183 propterea

275 1208 361 1272 hanc
386 1207 580 1271 divisionem
604 1215 788 1290 corruptam
815 1226 890 1267 esse
915 1225 1035 1268 sumas.
1076 1204 1158 1267 Nam
1176 1203 1291 1269 similis
1308 1206 1454 1268 incuriae

275 1314 415 1397 vestigia
446 1314 578 1397 saepius
610 1311 698 1396 apud
724 1312 875 1395 antiquos
899 1310 1046 1374 rhetores
1075 1312 1295 1393 inveniuntur,
1327 1313 1453 1375 etiamsi

281 1419 375 1484 doleo
398 1441 451 1483 me
477 1417 611 1482 oblitum
637 1440 723 1500 esse,
747 1416 804 1480 ubi
826 1416 962 1500 legerim
973 1415 1004 1500 1).
1031 1487 1034 1491 .

387 1526 457 1589 lam
484 1547 563 1589 vero
587 1546 786 1609 anonymum
812 1523 887 1608 ch.
911 1530 1142 1614 παραδιήγησιν,
1172 1526 1225 1587 cui
1249 1523 1312 1588 hoc
1335 1546 1455 1588 nomen

279 1634 411 1720 proprie
434 1630 555 1694 inditur
579 1630 607 1713 (ξ
623 1629 676 1710 59,
703 1629 798 1708 13,17
818 1628 873 1712 G.)
897 1629 939 1693 ad
959 1627 1146 1693 Aristotelis
1171 1630 1303 1695 modum
1327 1632 1361 1693 in
1383 1632 1457 1715 ipsa
1504 1692 1508 1697 .

280 1741 464 1804 narratione
503 1738 655 1823 posuisse
698 1745 867 1821 tantopere
908 1738 981 1822 ipsa
1021 1736 1218 1800 definitionis
1258 1734 1362 1800 forma
1404 1757 1456 1800 me

240 1846 244 1850 ’
279 1846 388 1910 iudice
417 1852 564 1930 apparet,
600 1851 636 1907 ut
662 1823 770 1928 potius
806 1863 934 1905 errasse
964 1844 1114 1928 suspicer
1142 1864 1340 1930 anonymum
1369 1844 1456 1927 seg,

282 1974 357 2016 cum
373 1951 415 2015 ad
431 1956 649 2041 παραδιήγησιν
664 1949 892 2014 illustrandam
906 1946 1090 2034 exemplum
1105 1972 1122 2012 e
1136 1949 1280 2013 Midiana
1293 1959 1458 2035 sumptum

283 2058 464 2139 adhiberet,
490 2056 578 2142 quod
603 2055 789 2142 exemplum
811 2055 852 2118 ad
870 2057 1023 2120 orationis
1041 2054 1238 2141 epilogum2)
1262 2055 1458 2120 trahendum

284 2175 344 2247 est,
374 2187 472 2250 quam
497 2172 533 2227 ut
556 2163 596 2226 ab
621 2165 685 2226 ista
709 2164 870 2226 sententia
895 2161 1049 2246 depellar,
1078 2185 1161 2248 quae
1185 2162 1391 2248 paragrapho
1416 2163 1458 2228 88

282 2269 452 2352 stabilitur,
488 2269 545 2332 ubi
572 2271 674 2359 ἄλογα
703 2275 891 2360 διηγήματα,
922 2268 1042 2351 quibus
1071 2291 1117 2334 sc.
1150 2273 1269 2360 ἔλλογα
1297 2271 1459 2333 contraria

285 2387 370 2458 sunt,
396 2377 573 2440 narrationi
595 2378 804 2461 interponere
827 2373 1020 2458 vetamur3).

392 2482 514 2547 Contra
537 2481 578 2544 dc
601 2487 825 2572 προδιηγήσεως
850 2490 881 2544 et
901 2483 1059 2566 imprimis
1079 2481 1120 2545 de
1137 2487 1353 2574 ἐπιδιηγήσεως
1370 2481 1459 2563 sede,

285 2591 377 2653 cuius
407 2588 630 2652 definitionem
659 2591 678 2667 ς
707 2588 750 2652 69
779 2588 892 2671 (13,19
918 2587 973 2670 G.)
998 2588 1267 2653 Wilamowitzius
1297 2599 1329 2652 et
1357 2589 1460 2654 Grae-

285 2717 390 2759 venus
413 2694 502 2758 haud
519 2696 694 2778 genuinam
712 2716 787 2757 esse
804 2693 1013 2777 contendunt,
1033 2694 1175 2759 dubitari
1190 2718 1290 2780 posse
1308 2695 1461 2783 equidem

286 2800 443 2866 concedo.
491 2800 557 2865 Sed
582 2802 729 2885 quaestio
752 2799 830 2863 inde
854 2802 1006 2865 exoriens
1029 2802 1137 2865 minus
1159 2800 1224 2866 huc
1245 2802 1392 2887 quadrat.
1418 2840 1462 2849 -

391 2925 442 2990 Ad
469 2925 534 2989 duo
558 2925 712 2990 narrandi
735 2947 867 3009 genera,
899 2926 939 2990 de
964 2925 1083 3011 quibus
1102 2926 1255 3010 diximus,
1284 2935 1397 2992 auctor
1420 2926 1462 2991 ad

285 3034 327 3097 H.
357 3032 382 3113 I,
413 3033 443 3103 8,
474 3033 615 3115 12-13,
651 3031 768 3096 Cicero
797 3032 823 3113 Ι,
855 3032 963 3114 1927,
997 3055 1179 3120 anonymus
1212 3033 1286 3118 Seg.
1315 3037 1334 3114 ξ
1364 3033 1461 3120 53sq.

287 3139 401 3222 (tulo
431 3137 484 3221 G.)
515 3140 651 3224 insuper
680 3136 872 3223 tertium4)
902 3138 1034 3204 addunt.
1089 3138 1185 3218 Quod
1217 3143 1370 3224 quoniam
1399 3142 1464 3226 ipsi

290 3330 448 3384 Tullianam
461 3362 494 3371 —
508 3331 583 3400 quod
597 3329 691 3385 Cicero
710 3331 803 3384 nescio
823 3331 867 3384 cui
887 3331 995 3385 auctori
1013 3348 1042 3385 ss
1061 3332 1206 3401 applicans
1224 3333 1330 3397 15197
1349 3333 1464 3386 Herma·

289 3437 374 3488 goras
399 3419 601 3488 digressionem
626 3420 730 3473 idcirco
754 3436 783 3472 se
807 3420 929 3474 abnuere
948 3421 1023 3486 dicit,
1046 3421 1117 3489 quod
1135 3421 1168 3475 dc
1186 3437 1270 3476 causa
1288 3421 1393 3492 digredi
1410 3421 1466 3476 uici

284 3524 336 3576 per
355 3508 441 3562 locum
459 3524 621 3562 comptonam
639 3507 787 3576 displiceat.
872 3560 875 3567 ,
948 3516 950 3520 ”

272 3598 279 3605 “
397 3598 417 3666 ¹)
438 3597 474 3650 cf.
494 3598 646 3651 tamensis
665 3600 739 3651 auct.
759 3598 794 3651 ad
813 3599 848 3651 H.
867 3596 1003 3668 1130,47.

397 3686 417 3754 ²)
436 3685 472 3739 cf.
492 3686 581 3753 Blass,
601 3687 635 3741 A.
654 3686 686 3739 B.
706 3685 749 3739 III
769 3688 809 3754 1¹,
828 3705 846 3756 p
866 3686 981 3740 336-7.

398 3773 418 3839 Β)
438 3774 542 3828 Eadem
567 3777 610 3829 est
628 3774 756 3828 Finclrhii
778 3775 927 3840 sententia,
952 3779 983 3829 ut
1005 3793 1142 3845 cognosco
1162 3794 1196 3831 ex
1214 3777 1257 3830 his
1277 3777 1335 3831 eius
1355 3778 1466 3846 supple-

289 3862 400 3931 mentis,
420 3880 490 3930 quas
509 3862 573 3929 §60
592 3863 683 3934 (13,19
697 3863 740 3928 G.)
759 3866 873 3932 praeter
892 3864 945 3917 alia
964 3865 1129 3919 inculcanda
1142 3883 1202 3919 esse
1216 3865 1370 3920 existimat:
1385 3886 1466 3935 παρα·

229 3996 232 4001 .
290 3950 401 4020 διήγησις
420 3950 456 4016 δέ,
477 3950 536 4006 ὅταν
555 3947 581 4006 ἓν
603 3953 666 4029 αὐτῇ
685 3959 715 4029 τῇ
735 3952 846 4021 διηγήσει
864 3958 933 4021 παρὰ
951 3952 995 4022 τὴν
1016 3950 1084 4016 ἰδίως
1096 3954 1251 4023 καλουμένην
1264 3955 1376 4024 διήγησιν
1396 3953 1467 4024 ἕτερα

290 4060 344 4093 τινα
353 4043 544 4108 διηγησώμεῦα.
568 4040 628 4093 Nec
640 4040 727 4108 igitur
738 4040 882 4095 Gracveno
895 4041 980 4094 fidem
989 4042 1145 4095 tribuemus
1156 4043 1170 4112 ξ
1181 4044 1214 4097 57
1226 4044 1328 4112 (13,1l)
1338 4044 1468 4098 lacunam
1481 4112 1484 4118 ¹

290 4127 433 4194 indicanti,
462 4145 546 4197 quarn
573 4129 624 4182 tali
649 4129 732 4182 modo
756 4130 865 4197 replere
893 4131 960 4198 vult,
984 4133 1017 4184 ut
1039 4148 1136 4185 sensus
1159 4132 1220 4189 fiat:
1245 4132 1269 4185 si
1291 4133 1352 4201 ipsa
1375 4150 1468 4187 rerum

181 4274 184 4279 ,
290 4217 435 4284 gestarum
453 4217 577 4297 narratio
596 4220 709 4286 praesto
728 4218 773 4287 sit,
797 4220 993 4289 παραδιηγήσεις
1010 4238 1066 4274 non
1087 4237 1147 4274 csse
1165 4222 1342 4277 necessarias.

399 4306 420 4370 ⁴)
441 4305 588 4374 Nonnulla,
618 4322 689 4374 quae
718 4306 753 4359 da
776 4307 829 4360 hoc
853 4325 957 4376 genero
981 4310 1127 4362 enucleata
1144 4309 1243 4369 habeo,
1263 4327 1336 4363 nunc
1356 4311 1469 4379 quidem

294 4392 381 4446 omisi.
421 4392 460 4447 of.
481 4394 613 4448 Thiele:
635 4396 690 4448 Aua
711 4397 760 4448 der
784 4396 910 4461 Anamis,
934 4396 1027 4450 Bcrol.
1047 4397 1126 4466 1890,
1148 4416 1175 4466 p.
1199 4399 1250 4452 124
1260 4416 1319 4467 sqq.
1342 4403 1372 4453 et
1390 4399 1469 4453 Naue
