3262 5204
720 448 914 510 ,6.-

227 622 1404 712 drare,praeterSpengelinm1),Thielium2),Marxium³),Navar-

225 735 357 817 rium4)
378 733 526 816 aliosque
543 731 657 796 doctos
675 733 763 796 viros
779 730 1109 816 Wendlandius5),
1131 734 1288 817 magister
1304 754 1402 796 vene-

226 841 360 922 randus,
378 842 512 905 monuit.
547 838 613 919 Qui
629 838 715 902 idem
731 840 783 901 vir
798 837 1019 916 doctissimus,
1038 860 1115 903 curn
1131 838 1239 903 adhuc
1257 839 1403 920 deesset,

157 936 159 940 ’
229 950 284 1033 661
306 947 395 1012 illam
421 949 637 1011 constantiam
662 968 736 1010 cum
759 947 793 1009 in
816 954 883 1009 tota
907 954 975 1008 arte
997 955 1066 1009 tum
1083 948 1116 1010 in
1133 968 1172 1009 ea
1189 955 1290 1032 parte,
1317 968 1403 1033 quae

227 1066 278 1119 est
308 1055 349 1118 de
383 1053 531 1140 partibus
566 1052 732 1133 orationis,
757 1054 966 1137 perspicuam
1003 1052 1175 1136 indagaret
1207 1055 1400 1138 quaestione

227 1160 413 1246 diligentius
431 1160 585 1242 exhibita,
610 1182 662 1223 me
679 1160 841 1245 permovit
857 1158 899 1223 ad
920 1157 982 1222 hoc
998 1181 1117 1222 munus
1142 1159 1400 1245 suscipiendum,

230 1290 329 1354 equo
345 1268 416 1332 fore
434 1268 598 1353 sperabat,
622 1275 658 1330 ut
681 1264 805 1350 aliquid
828 1265 956 1329 fructus
980 1264 1023 1329 ad
1046 1265 1216 1330 historiam
1233 1265 1402 1331 doctrinae

228 1378 387 1441 oratoriae
412 1372 677 1460 cognoscendam.
700 1373 910 1438 redundaret.

229 1570 352 1624 crebrius
377 1587 427 1637 pro
451 1584 535 1638 parco
559 1566 669 1632 artium,
690 1583 761 1636 6666
780 1568 905 1621 aetatem
924 1567 1058 1635 tulerunt,
1077 1585 1192 1622 numero
1212 1569 1242 1621 et
1260 1569 1403 1621 oratorum

232 1658 402 1712 Graecorum
422 1659 451 1710 61
471 1655 612 1710 Ciceronis
633 1655 773 1710 orationes
792 1657 828 1708 ad
847 1655 991 1709 rhetorum
1015 1655 1189 1724 disciplinam
1208 1655 1402 1709 illustrandam

230 1751 259 1801 et
286 1747 470 1816 supplendam
498 1745 621 1799 adhibui.
663 1743 743 1808 Quod
767 1760 829 1798 cum
853 1744 947 1811 aliqua
970 1743 1093 1798 utilitate
1117 1745 1178 1798 fieri
1206 1762 1268 1798 cum
1292 1762 1343 1813 per
1373 1760 1403 1797 se

225 1837 318 1905 ipsum
336 1835 364 1888 in
384 1835 518 1904 promptu
537 1834 582 1899 sit,
603 1833 634 1887 Ο.
648 1833 835 1887 Navarrius
854 1832 882 1886 in
900 1833 982 1901 libro,
1002 1834 1048 1901 661
1067 1833 1239 1887 inscribitur:
1259 1834 1338 1888 Essai
1356 1851 1403 1887 sur

227 1926 255 1978 la
272 1925 435 1992 rhetoriqne
455 1923 581 1990 Grecque
605 1927 690 1977 avant
709 1922 843 1988 Α6161616,
871 1922 949 1975 Ρ6616
974 1922 1044 1976 1900
1066 1941 1094 1991 p.
1114 1922 1153 1976 XI
1166 1940 1205 1990 sq.
1232 1922 1343 1976 disertis
1361 1922 1405 1976 in-

227 2031 310 2085 super
328 2013 423 2067 verbis
441 2016 546 2067 monet.
585 2011 636 2076 Qui
656 2013 715 2081 ipse
729 2012 887 2065 Atticorum
905 2013 980 2066 locos
1000 2013 1045 2065 sat
1064 2013 1165 2066 multos
1179 2012 1320 2082 proponit,
1340 2029 1403 2066 cum

228 2103 413 2157 Ciceronianis
432 2101 616 2170 congerendis
635 2101 665 2154 F.
684 2100 835 2155 Rohdius
859 2101 976 2169 (Cicero,
996 2117 1068 2168 quae
1088 2101 1122 2153 (16
1141 2101 1302 2155 inventione
1319 2116 1402 2169 prae-

227 2192 309 2260 cepit,
333 2193 471 2260 quatenus
498 2193 609 2244 secutus
633 2190 669 2243 sit
691 2189 721 2242 in
744 2189 916 2244 orationibus
939 2189 1050 2259 generis
1069 2189 1210 2255 iudicialis,
1235 2189 1402 2258 (116611661-

227 2280 463 2347 61661.1903)61
487 2279 734 2336 Preiswerkins
757 2279 804 2346 ((16
827 2278 989 2333 inventione
1009 2278 1165 2332 orationum
1187 2277 1403 2342 Ciceroniarum,

227 2368 496 2435 discussurum)
519 2385 634 2437 operam
657 2368 831 2421 navaverint.
873 2367 933 2421 Nec
956 2383 1087 2436 magnam
1117 2384 1213 2421 eorum
1239 2365 1351 2436 copiam
1374 2367 1403 2422 16

226 2459 368 2528 Kayseri
392 2460 421 2512 et
444 2457 624 2527 Spengelii
648 2456 865 2524 commentariis,
890 2457 937 2524 qui
960 2457 989 2509 16
1013 2458 1076 2510 1616
1102 2473 1185 2527 opere
1209 2457 1403 2526 componendo

228 2565 336 2602 summo
355 2547 424 2601 mihi
442 2548 602 2601 adiumento
621 2546 745 2615 fuerunt,
763 2563 820 2600 non
837 2546 969 2601 invenies.
1007 2547 1095 2600 Locos
1114 2549 1208 2599 antem
1228 2563 1243 2600 e
1263 2543 1403 2599 Ciceronis

228 2637 305 2690 libris
323 2635 470 2691 rhetoricis
493 2639 619 2706 sumptos
642 2634 807 2704 frequenter
829 2635 1012 2688 Heinickio
1037 2635 1083 2700 ((16
1103 2634 1245 2690 Ciceronis
1268 2634 1404 2702 doctrina,

229 2743 300 2794 qnae
318 2726 443 2794 pertinet
461 2726 498 2779 ad
516 2725 663 2778 materiam
682 2724 751 2777 artis
768 2723 925 2778 rhetoricae
945 2727 974 2776 et
993 2724 1028 2776 ad
1046 2723 1246 2789 inventionem,
1266 2722 1332 2776 diss.
1350 2723 1404 2776 Re·

229 2813 439 2882 gimont.1891)
459 2815 488 2867 61
506 2812 722 2867 Marchantio
742 2813 787 2877 (ds
808 2811 948 2866 Ciceronis
966 2811 1163 2879 partitionibus
1183 2811 1319 2878 oratoriis,
1339 2811 1405 2864 diss.

231 2903 321 2956 Berol.
342 2902 432 2970 1890),
452 2902 600 2955 nonnullos
620 2902 705 2955 etiam
723 2900 868 2955 Jentschio
889 2900 986 2954 debeo.

337 2992 358 3056 1)
378 2991 450 3044 Abh.
470 2991 497 3044 d.
516 2990 598 3059 Bayr.
618 2989 666 3043 Ac.
687 2988 765 3056 1855,
784 3007 812 3058 p.
832 2988 891 3042 759.

337 3080 357 3145 2)
376 3080 564 3148 Hermagoras
582 3098 610 3149 p.
630 3077 690 3131 119.

336 3170 356 3240 ³)
377 3168 420 3224 ed.
440 3168 561 3223 auctoris
580 3168 616 3222 ad
634 3168 668 3222 Η.
687 3185 714 3236 p.
735 3167 799 3221 156:
823 3171 961 3236 „apparet
979 3168 1107 3222 rhetores
1125 3168 1200 3221 illius
1218 3167 1353 3236 temporis
1372 3170 1402 3220 61

230 3260 419 3327 Hermagorae
438 3261 468 3312 et
480 3256 639 3312 Aristotelis
658 3256 766 3322 (malim
785 3256 906 3326 vulgaris
925 3257 1092 3322 rhetoricae)
1110 3259 1264 3328 praecepta
1275 3257 1305 3310 in
1317 3275 1404 3309 unum

229 3348 365 3402 conflasse
393 3347 476 3401 variis
500 3364 564 3402 usos
588 3347 744 3402 rationibus
768 3363 858 3414 neque
884 3345 1025 3415 scriptoris
1044 3346 1080 3400 6(1
1099 3347 1133 3400 H.
1152 3362 1243 3415 neque
1263 3343 1403 3400 Ciceronis

229 3439 321 3490 artem
340 3436 475 3506 appellari
493 3452 575 3505 posse
594 3435 816 3504 Hermagoream
836 3434 935 3488 Latine
954 3441 1091 3490 versam“.

334 3525 566 3588 4)11666166616
589 3524 750 3593 rhetorique
770 3523 896 3592 Grecque
916 3542 943 3592 p.
963 3524 1030 3579 XII:
1058 3523 1131 3591 „Nul
1155 3525 1249 3592 doute,
1274 3542 1309 3578 66
1328 3522 1403 3592 61161,

230 3631 284 3682 qne
302 3617 366 3669 tout
383 3613 536 3668 l'essentiel
560 3613 593 3667 de
612 3613 640 3667 la
658 3612 819 3681 rhetorique
839 3613 888 3667 des
908 3613 1064 3682 cinquibme
1083 3616 1113 3666 et
1131 3613 1287 3682 quatribme
1306 3611 1404 3667 siecles

230 3706 315 3757 avant
332 3702 524 3762 Josus-christ
541 3719 576 3756 66
595 3702 636 3770 s'y
655 3702 709 3756 soit
727 3701 886 3755 transmis.“
923 3700 1053 3756 Ceterum
1072 3702 1114 3756 vir
1132 3702 1227 3755 doctus
1246 3704 1404 3756 nostratum

228 3792 315 3846 libros
334 3793 369 3846 ad
388 3809 448 3846 rem
467 3791 640 3862 propositam
662 3790 837 3860 pertinentes
860 3791 934 3844 iusto
957 3790 1046 3859 magis
1065 3789 1200 3859 neglexit,
1224 3806 1278 3857 quo
1297 3789 1403 3844 factum

229 3885 281 3945 est,
300 3885 331 3935 nt
349 3898 458 3935 summa
476 3882 535 3935 eius
555 3878 752 3948 disputationis
771 3879 817 3934 vix
836 3879 999 3933 satisfaciat.

336 3972 357 4037 ⁶)
376 3970 563 4024 Anaximenes
583 3987 609 4037 p.
630 3967 746 4021 57-58.
