<?xml version="1.0" encoding="UTF-8"?>
<!DOCTYPE html PUBLIC "-//W3C//DTD XHTML 1.0 Transitional//EN"
    "http://www.w3.org/TR/xhtml1/DTD/xhtml1-transitional.dtd">
<html xmlns="http://www.w3.org/1999/xhtml" xml:lang="en" lang="en">
 <head>
  <title>
</title>
<meta http-equiv="Content-Type" content="text/html;charset=utf-8" />
  <meta name='ocr-system' content='tesseract 3.04.00' />
  <meta name='ocr-capabilities' content='ocr_page ocr_carea ocr_par ocr_line ocrx_word'/>
</head>
<body>
  <div class='ocr_page' id='page_1' title='image "./derationibusint00petegoog_0027.png"; bbox 0 0 3278 5206; ppageno 0'>
   <div class='ocr_carea' id='block_1_1' title="bbox 759 439 982 503">
    <p class='ocr_par' dir='ltr' id='par_1_1' title="bbox 759 439 982 503">
     <span class='ocr_line' id='line_1_1' title="bbox 759 439 982 503; baseline 0.004 -17"><span class='ocrx_word' id='word_1_1' title='bbox 759 439 982 503; x_wconf 81' lang='lat'>..24-</span> 
     </span>
    </p>
   </div>
   <div class='ocr_carea' id='block_1_2' title="bbox 282 612 1461 1130">
    <p class='ocr_par' dir='ltr' id='par_1_2' title="bbox 282 612 1461 1130">
     <span class='ocr_line' id='line_1_2' title="bbox 284 612 1459 703; baseline -0.001 -22"><span class='ocrx_word' id='word_1_2' title='bbox 284 612 291 666; x_wconf 65' lang='lat'>⁸.</span> <span class='ocrx_word' id='word_1_3' title='bbox 390 615 456 681; x_wconf 87' lang='lat' dir='ltr'>Sed</span> <span class='ocrx_word' id='word_1_4' title='bbox 468 627 675 680; x_wconf 86' lang='lat' dir='ltr'>transeamus</span> <span class='ocrx_word' id='word_1_5' title='bbox 688 615 731 679; x_wconf 88' lang='lat' dir='ltr'>ad</span> <span class='ocrx_word' id='word_1_6' title='bbox 744 618 881 680; x_wconf 89' lang='lat' dir='ltr'>oratoris</span> <span class='ocrx_word' id='word_1_7' title='bbox 895 637 1031 681; x_wconf 87' lang='lat' dir='ltr'>munera</span> <span class='ocrx_word' id='word_1_8' title='bbox 1045 619 1080 681; x_wconf 90' lang='lat' dir='ltr'>in</span> <span class='ocrx_word' id='word_1_9' title='bbox 1097 617 1233 682; x_wconf 85' lang='lat' dir='ltr'>exordio</span> <span class='ocrx_word' id='word_1_10' title='bbox 1249 619 1459 703; x_wconf 80' lang='lat' dir='ltr'>praestanda.</span> 
     </span>
     <span class='ocr_line' id='line_1_3' title="bbox 283 720 1461 816; baseline 0.006 -30"><span class='ocrx_word' id='word_1_11' title='bbox 283 723 313 786; x_wconf 78' lang='lat' dir='ltr'>E</span> <span class='ocrx_word' id='word_1_12' title='bbox 342 721 708 808; x_wconf 85' lang='lat' dir='ltr'>quibus-Anaximenes</span> <span class='ocrx_word' id='word_1_13' title='bbox 732 745 764 808; x_wconf 92' lang='lat' dir='ltr'>p.</span> <span class='ocrx_word' id='word_1_14' title='bbox 789 722 832 787; x_wconf 84' lang='lat'>65</span> <span class='ocrx_word' id='word_1_15' title='bbox 856 720 940 786; x_wconf 90' lang='lat' dir='ltr'>haec</span> <span class='ocrx_word' id='word_1_16' title='bbox 967 724 1030 787; x_wconf 89' lang='lat' dir='ltr'>tria</span> <span class='ocrx_word' id='word_1_17' title='bbox 1057 723 1170 788; x_wconf 86' lang='lat' dir='ltr'>habet:</span> <span class='ocrx_word' id='word_1_18' title='bbox 1198 730 1461 816; x_wconf 83' lang='grc' dir='ltr'>προεκτιθέναι</span> 
     </span>
     <span class='ocr_line' id='line_1_4' title="bbox 282 826 1459 922; baseline 0.008 -30"><span class='ocrx_word' id='word_1_19' title='bbox 282 829 336 893; x_wconf 89' lang='lat' dir='ltr'>vel</span> <span class='ocrx_word' id='word_1_20' title='bbox 348 835 513 918; x_wconf 61' lang='grc' dir='ltr'>»φανερὸν</span> <span class='ocrx_word' id='word_1_21' title='bbox 529 840 647 897; x_wconf 80' lang='grc' dir='ltr'>ποιεῖν</span> <span class='ocrx_word' id='word_1_22' title='bbox 663 826 831 915; x_wconf 80' lang='grc' dir='ltr'>(δήλωσις),</span> <span class='ocrx_word' id='word_1_23' title='bbox 849 835 905 897; x_wconf 84' lang='grc' dir='ltr'>ἐπὶ</span> <span class='ocrx_word' id='word_1_24' title='bbox 919 836 960 898; x_wconf 86' lang='grc' dir='ltr'>τὸ</span> <span class='ocrx_word' id='word_1_25' title='bbox 977 839 1170 921; x_wconf 83' lang='grc' dir='ltr'>προσέχειν</span> <span class='ocrx_word' id='word_1_26' title='bbox 1186 839 1459 922; x_wconf 84' lang='grc' dir='ltr'>παρακαλέσαι,</span> 
     </span>
     <span class='ocr_line' id='line_1_5' title="bbox 282 934 1459 1022; baseline 0.001 -20"><span class='ocrx_word' id='word_1_27' title='bbox 282 937 405 1013; x_wconf 78' lang='grc' dir='ltr'>εὔνουν</span> <span class='ocrx_word' id='word_1_28' title='bbox 436 947 594 1020; x_wconf 77' lang='grc' dir='ltr'>ποιῆσαι.</span> <span class='ocrx_word' id='word_1_29' title='bbox 640 934 768 999; x_wconf 86' lang='lat' dir='ltr'>Eadem</span> <span class='ocrx_word' id='word_1_30' title='bbox 796 946 975 1022; x_wconf 88' lang='lat' dir='ltr'>praecepta</span> <span class='ocrx_word' id='word_1_31' title='bbox 1002 938 1100 1000; x_wconf 89' lang='lat' dir='ltr'>etiam</span> <span class='ocrx_word' id='word_1_32' title='bbox 1129 959 1172 1001; x_wconf 85' lang='lat' dir='ltr'>ex</span> <span class='ocrx_word' id='word_1_33' title='bbox 1199 937 1299 1001; x_wconf 88' lang='lat' dir='ltr'>Arist.</span> <span class='ocrx_word' id='word_1_34' title='bbox 1330 938 1382 1003; x_wconf 93' lang='lat' dir='ltr'>III</span> <span class='ocrx_word' id='word_1_35' title='bbox 1408 942 1459 1016; x_wconf 84' lang='lat'>14,</span> 
     </span>
     <span class='ocr_line' id='line_1_6' title="bbox 283 1040 1459 1130; baseline 0.004 -25"><span class='ocrx_word' id='word_1_36' title='bbox 283 1041 443 1106; x_wconf 83' lang='grc' dir='ltr'>1415ιι34</span> <span class='ocrx_word' id='word_1_37' title='bbox 453 1063 502 1126; x_wconf 87' lang='lat' dir='ltr'>sq.</span> <span class='ocrx_word' id='word_1_38' title='bbox 532 1040 652 1105; x_wconf 82' lang='lat' dir='ltr'>elicere</span> <span class='ocrx_word' id='word_1_39' title='bbox 675 1063 864 1127; x_wconf 84' lang='lat' dir='ltr'>possumus,</span> <span class='ocrx_word' id='word_1_40' title='bbox 894 1063 1093 1128; x_wconf 88' lang='lat' dir='ltr'>quamquam</span> <span class='ocrx_word' id='word_1_41' title='bbox 1117 1044 1151 1107; x_wconf 88' lang='lat' dir='ltr'>in</span> <span class='ocrx_word' id='word_1_42' title='bbox 1173 1052 1241 1107; x_wconf 88' lang='lat' dir='ltr'>toto</span> <span class='ocrx_word' id='word_1_43' title='bbox 1265 1043 1328 1108; x_wconf 92' lang='lat' dir='ltr'>hoo</span> <span class='ocrx_word' id='word_1_44' title='bbox 1353 1048 1459 1130; x_wconf 88' lang='lat' dir='ltr'>capite</span> 
     </span>
    </p>
   </div>
   <div class='ocr_carea' id='block_1_3' title="bbox 280 1251 1461 2122">
    <p class='ocr_par' dir='ltr' id='par_1_3' title="bbox 280 1251 1461 2122">
     <span class='ocr_line' id='line_1_7' title="bbox 280 1251 1460 1322; baseline 0.001 -15"><span class='ocrx_word' id='word_1_45' title='bbox 280 1255 365 1309; x_wconf 84' lang='lat' dir='ltr'>Porro</span> <span class='ocrx_word' id='word_1_46' title='bbox 378 1252 420 1306; x_wconf 86' lang='grc' dir='ltr'>ΠΙ</span> <span class='ocrx_word' id='word_1_47' title='bbox 433 1253 480 1318; x_wconf 85' lang='grc'>14;</span> <span class='ocrx_word' id='word_1_48' title='bbox 499 1252 632 1306; x_wconf 80' lang='lat' dir='ltr'>1414o22</span> <span class='ocrx_word' id='word_1_49' title='bbox 652 1251 797 1306; x_wconf 80' lang='lat' dir='ltr'>exordium</span> <span class='ocrx_word' id='word_1_50' title='bbox 810 1252 856 1306; x_wconf 87' lang='lat' dir='ltr'>vel</span> <span class='ocrx_word' id='word_1_51' title='bbox 868 1252 898 1307; x_wconf 90' lang='lat' dir='ltr'>in</span> <span class='ocrx_word' id='word_1_52' title='bbox 909 1269 1014 1322; x_wconf 83' lang='lat' dir='ltr'>genere</span> <span class='ocrx_word' id='word_1_53' title='bbox 1033 1252 1222 1322; x_wconf 73' lang='lat' dir='ltr'>epidictico</span> <span class='ocrx_word' id='word_1_54' title='bbox 1241 1254 1339 1322; x_wconf 85' lang='lat' dir='ltr'>poscit,</span> <span class='ocrx_word' id='word_1_55' title='bbox 1358 1254 1460 1315; x_wconf 84' lang='lat' dir='ltr'>deinde</span> 
     </span>
     <span class='ocr_line' id='line_1_8' title="bbox 284 1339 1460 1412; baseline 0 -16"><span class='ocrx_word' id='word_1_56' title='bbox 284 1342 480 1409; x_wconf 80' lang='lat' dir='ltr'>1415a8sqq.,</span> <span class='ocrx_word' id='word_1_57' title='bbox 500 1357 572 1408; x_wconf 87' lang='lat' dir='ltr'>qnae</span> <span class='ocrx_word' id='word_1_58' title='bbox 591 1341 629 1394; x_wconf 91' lang='lat' dir='ltr'>sit</span> <span class='ocrx_word' id='word_1_59' title='bbox 648 1339 705 1394; x_wconf 88' lang='lat' dir='ltr'>eius</span> <span class='ocrx_word' id='word_1_60' title='bbox 724 1341 832 1394; x_wconf 88' lang='lat' dir='ltr'>utilitas</span> <span class='ocrx_word' id='word_1_61' title='bbox 850 1341 879 1394; x_wconf 93' lang='lat' dir='ltr'>in</span> <span class='ocrx_word' id='word_1_62' title='bbox 898 1357 1004 1410; x_wconf 83' lang='lat' dir='ltr'>genere</span> <span class='ocrx_word' id='word_1_63' title='bbox 1021 1341 1180 1396; x_wconf 91' lang='lat' dir='ltr'>iudiciali</span> <span class='ocrx_word' id='word_1_64' title='bbox 1200 1342 1324 1412; x_wconf 79' lang='lat' dir='ltr'>exponit.</span> <span class='ocrx_word' id='word_1_65' title='bbox 1357 1341 1460 1398; x_wconf 81' lang='lat' dir='ltr'>Contra</span> 
     </span>
     <span class='ocr_line' id='line_1_9' title="bbox 281 1417 1459 1508; baseline 0 -23"><span class='ocrx_word' id='word_1_66' title='bbox 281 1433 357 1501; x_wconf 88' lang='lat' dir='ltr'>quod</span> <span class='ocrx_word' id='word_1_67' title='bbox 380 1429 515 1485; x_wconf 77' lang='lat' dir='ltr'>1415b33</span> <span class='ocrx_word' id='word_1_68' title='bbox 525 1448 565 1498; x_wconf 88' lang='lat' dir='ltr'>sq.</span> <span class='ocrx_word' id='word_1_69' title='bbox 589 1433 733 1484; x_wconf 70' lang='lat' dir='ltr'>asseverat</span> <span class='ocrx_word' id='word_1_70' title='bbox 757 1429 913 1485; x_wconf 89' lang='lat' dir='ltr'>orationem</span> <span class='ocrx_word' id='word_1_71' title='bbox 941 1430 1219 1508; x_wconf 83' lang='lat' dir='ltr'>deliberativam,</span> <span class='ocrx_word' id='word_1_72' title='bbox 1248 1417 1386 1499; x_wconf 30' lang='lat' dir='ltr'>qnoniam·</span> <span class='ocrx_word' id='word_1_73' title='bbox 1406 1450 1459 1498; x_wconf 90' lang='lat' dir='ltr'>res,</span> 
     </span>
     <span class='ocr_line' id='line_1_10' title="bbox 282 1518 1460 1597; baseline 0.002 -23"><span class='ocrx_word' id='word_1_74' title='bbox 282 1538 337 1597; x_wconf 84' lang='lat' dir='ltr'>qua</span> <span class='ocrx_word' id='word_1_75' title='bbox 360 1521 394 1574; x_wconf 91' lang='lat' dir='ltr'>de</span> <span class='ocrx_word' id='word_1_76' title='bbox 413 1538 443 1574; x_wconf 89' lang='lat' dir='ltr'>re</span> <span class='ocrx_word' id='word_1_77' title='bbox 462 1523 569 1588; x_wconf 83' lang='lat' dir='ltr'>agatur,</span> <span class='ocrx_word' id='word_1_78' title='bbox 589 1522 656 1573; x_wconf 84' lang='lat' dir='ltr'>nota</span> <span class='ocrx_word' id='word_1_79' title='bbox 674 1519 720 1586; x_wconf 91' lang='lat' dir='ltr'>sit,</span> <span class='ocrx_word' id='word_1_80' title='bbox 745 1518 880 1588; x_wconf 84' lang='lat' dir='ltr'>prooemii</span> <span class='ocrx_word' id='word_1_81' title='bbox 897 1536 955 1574; x_wconf 91' lang='lat' dir='ltr'>non</span> <span class='ocrx_word' id='word_1_82' title='bbox 972 1518 1100 1589; x_wconf 82' lang='lat' dir='ltr'>indigere</span> <span class='ocrx_word' id='word_1_83' title='bbox 1118 1519 1172 1572; x_wconf 88' lang='lat' dir='ltr'>nisi</span> <span class='ocrx_word' id='word_1_84' title='bbox 1189 1519 1257 1591; x_wconf 61' lang='lat' dir='ltr'>aar</span> <span class='ocrx_word' id='word_1_85' title='bbox 1278 1521 1351 1576; x_wconf 77' lang='grc' dir='ltr'>αὐτὸν</span> <span class='ocrx_word' id='word_1_86' title='bbox 1369 1521 1386 1591; x_wconf 80' lang='grc' dir='ltr'>ἢ</span> <span class='ocrx_word' id='word_1_87' title='bbox 1404 1527 1460 1585; x_wconf 82' lang='grc' dir='ltr'>τοὺς</span> 
     </span>
     <span class='ocr_line' id='line_1_11' title="bbox 283 1607 1460 1676; baseline -0.002 -11"><span class='ocrx_word' id='word_1_88' title='bbox 283 1609 428 1676; x_wconf 80' lang='grc' dir='ltr'>ἀναδίκους,</span> <span class='ocrx_word' id='word_1_89' title='bbox 448 1609 501 1663; x_wconf 91' lang='lat' dir='ltr'>hoc</span> <span class='ocrx_word' id='word_1_90' title='bbox 520 1625 588 1662; x_wconf 89' lang='lat' dir='ltr'>sane</span> <span class='ocrx_word' id='word_1_91' title='bbox 608 1624 671 1661; x_wconf 92' lang='lat' dir='ltr'>cum</span> <span class='ocrx_word' id='word_1_92' title='bbox 689 1608 804 1661; x_wconf 81' lang='lat' dir='ltr'>1414b2</span> <span class='ocrx_word' id='word_1_93' title='bbox 818 1607 966 1663; x_wconf 86' lang='lat' dir='ltr'>consentit</span> <span class='ocrx_word' id='word_1_94' title='bbox 982 1639 1014 1648; x_wconf 93' lang='lat'>-</span> <span class='ocrx_word' id='word_1_95' title='bbox 1028 1610 1086 1662; x_wconf 87' lang='lat' dir='ltr'>Nec</span> <span class='ocrx_word' id='word_1_96' title='bbox 1097 1608 1233 1662; x_wconf 85' lang='lat' dir='ltr'>minorem</span> <span class='ocrx_word' id='word_1_97' title='bbox 1246 1608 1460 1664; x_wconf 77' lang='lat' dir='ltr'>admirationem</span> 
     </span>
     <span class='ocr_line' id='line_1_12' title="bbox 286 1696 1461 1768; baseline 0.003 -17"><span class='ocrx_word' id='word_1_98' title='bbox 286 1698 366 1753; x_wconf 90' lang='lat' dir='ltr'>nobis</span> <span class='ocrx_word' id='word_1_99' title='bbox 384 1700 487 1764; x_wconf 86' lang='lat' dir='ltr'>movet,</span> <span class='ocrx_word' id='word_1_100' title='bbox 507 1697 582 1765; x_wconf 87' lang='lat' dir='ltr'>quod</span> <span class='ocrx_word' id='word_1_101' title='bbox 600 1696 766 1751; x_wconf 85' lang='lat' dir='ltr'>Aristoteles</span> <span class='ocrx_word' id='word_1_102' title='bbox 787 1696 831 1750; x_wconf 89' lang='lat'>111</span> <span class='ocrx_word' id='word_1_103' title='bbox 850 1697 892 1764; x_wconf 84' lang='grc'>13,</span> <span class='ocrx_word' id='word_1_104' title='bbox 916 1696 1033 1750; x_wconf 81' lang='lat' dir='ltr'>1414b8</span> <span class='ocrx_word' id='word_1_105' title='bbox 1053 1697 1134 1751; x_wconf 87' lang='lat' dir='ltr'>dicit:</span> <span class='ocrx_word' id='word_1_106' title='bbox 1152 1702 1185 1752; x_wconf 82' lang='grc' dir='ltr'>τὰ</span> <span class='ocrx_word' id='word_1_107' title='bbox 1206 1698 1235 1752; x_wconf 83' lang='grc' dir='ltr'>δὲ</span> <span class='ocrx_word' id='word_1_108' title='bbox 1253 1703 1357 1753; x_wconf 80' lang='grc' dir='ltr'>πλεῖστα</span> <span class='ocrx_word' id='word_1_109' title='bbox 1376 1700 1461 1768; x_wconf 80' lang='grc' dir='ltr'>(μόρια</span> 
     </span>
     <span class='ocr_line' id='line_1_13' title="bbox 282 1783 1459 1856; baseline -0.001 -15"><span class='ocrx_word' id='word_1_110' title='bbox 282 1793 329 1842; x_wconf 74' lang='grc' dir='ltr'>τοῦ</span> <span class='ocrx_word' id='word_1_111' title='bbox 347 1788 439 1855; x_wconf 86' lang='grc' dir='ltr'>λόγου),</span> <span class='ocrx_word' id='word_1_112' title='bbox 458 1785 592 1855; x_wconf 86' lang='grc' dir='ltr'>προοίμιον,</span> <span class='ocrx_word' id='word_1_113' title='bbox 611 1786 735 1856; x_wconf 89' lang='grc' dir='ltr'>πρόθεσις,</span> <span class='ocrx_word' id='word_1_114' title='bbox 754 1785 840 1854; x_wconf 84' lang='grc' dir='ltr'>πίστις,</span> <span class='ocrx_word' id='word_1_115' title='bbox 859 1783 978 1854; x_wconf 79' lang='grc' dir='ltr'>ἐπίλογος.</span> <span class='ocrx_word' id='word_1_116' title='bbox 1009 1785 1061 1839; x_wconf 85' lang='grc' dir='ltr'>Ηίο</span> <span class='ocrx_word' id='word_1_117' title='bbox 1079 1784 1155 1839; x_wconf 89' lang='lat' dir='ltr'>enim</span> <span class='ocrx_word' id='word_1_118' title='bbox 1171 1787 1392 1855; x_wconf 81' lang='lat' dir='ltr'>propositionem</span> <span class='ocrx_word' id='word_1_119' title='bbox 1404 1805 1459 1842; x_wconf 89' lang='lat' dir='ltr'>nou</span> 
     </span>
     <span class='ocr_line' id='line_1_14' title="bbox 280 1874 1461 1945; baseline 0.002 -17"><span class='ocrx_word' id='word_1_120' title='bbox 280 1876 372 1930; x_wconf 88' lang='lat' dir='ltr'>solum</span> <span class='ocrx_word' id='word_1_121' title='bbox 390 1879 535 1943; x_wconf 86' lang='lat' dir='ltr'>tamquam</span> <span class='ocrx_word' id='word_1_122' title='bbox 552 1875 696 1944; x_wconf 78' lang='lat' dir='ltr'>propriam</span> <span class='ocrx_word' id='word_1_123' title='bbox 714 1874 847 1929; x_wconf 88' lang='lat' dir='ltr'>orationis</span> <span class='ocrx_word' id='word_1_124' title='bbox 859 1877 970 1944; x_wconf 86' lang='lat' dir='ltr'>partem</span> <span class='ocrx_word' id='word_1_125' title='bbox 983 1891 999 1929; x_wconf 91' lang='lat' dir='ltr'>a</span> <span class='ocrx_word' id='word_1_126' title='bbox 1012 1874 1156 1945; x_wconf 87' lang='lat' dir='ltr'>prooemio</span> <span class='ocrx_word' id='word_1_127' title='bbox 1169 1879 1291 1944; x_wconf 85' lang='lat' dir='ltr'>separat,</span> <span class='ocrx_word' id='word_1_128' title='bbox 1311 1876 1361 1930; x_wconf 89' lang='lat' dir='ltr'>sed</span> <span class='ocrx_word' id='word_1_129' title='bbox 1375 1875 1461 1936; x_wconf 79' lang='lat' dir='ltr'>etiam</span> 
     </span>
     <span class='ocr_line' id='line_1_15' title="bbox 283 1949 1460 2034; baseline -0.003 -13"><span class='ocrx_word' id='word_1_130' title='bbox 283 1964 429 2034; x_wconf 81' lang='grc' dir='ltr'>διηγήσεως,</span> <span class='ocrx_word' id='word_1_131' title='bbox 458 1980 512 2032; x_wconf 90' lang='lat' dir='ltr'>qua</span> <span class='ocrx_word' id='word_1_132' title='bbox 541 1949 654 2018; x_wconf 88' lang='lat' dir='ltr'>omnino</span> <span class='ocrx_word' id='word_1_133' title='bbox 676 1963 844 2032; x_wconf 76' lang='lat' dir='ltr'>supersedit,</span> <span class='ocrx_word' id='word_1_134' title='bbox 872 1963 965 2017; x_wconf 90' lang='lat' dir='ltr'>locum</span> <span class='ocrx_word' id='word_1_135' title='bbox 989 1963 1117 2018; x_wconf 87' lang='lat' dir='ltr'>obtinere</span> <span class='ocrx_word' id='word_1_136' title='bbox 1141 1963 1228 2017; x_wconf 90' lang='lat' dir='ltr'>iubet.</span> <span class='ocrx_word' id='word_1_137' title='bbox 1266 1962 1343 2028; x_wconf 86' lang='lat' dir='ltr'>Quae</span> <span class='ocrx_word' id='word_1_138' title='bbox 1367 1964 1460 2018; x_wconf 89' lang='lat' dir='ltr'>omnia</span> 
     </span>
     <span class='ocr_line' id='line_1_16' title="bbox 280 2051 1460 2122; baseline -0.003 -14"><span class='ocrx_word' id='word_1_139' title='bbox 280 2071 375 2108; x_wconf 89' lang='lat' dir='ltr'>rursus</span> <span class='ocrx_word' id='word_1_140' title='bbox 399 2053 435 2107; x_wconf 91' lang='lat' dir='ltr'>ad</span> <span class='ocrx_word' id='word_1_141' title='bbox 457 2051 665 2122; x_wconf 81' lang='lat' dir='ltr'>philosophiam</span> <span class='ocrx_word' id='word_1_142' title='bbox 688 2053 818 2121; x_wconf 86' lang='lat' dir='ltr'>spectare</span> <span class='ocrx_word' id='word_1_143' title='bbox 842 2068 950 2106; x_wconf 89' lang='lat' dir='ltr'>censeo.</span> <span class='ocrx_word' id='word_1_144' title='bbox 987 2051 1104 2105; x_wconf 83' lang='lat' dir='ltr'>Duabus</span> <span class='ocrx_word' id='word_1_145' title='bbox 1128 2051 1234 2107; x_wconf 89' lang='lat' dir='ltr'>scilicet</span> <span class='ocrx_word' id='word_1_146' title='bbox 1253 2051 1307 2106; x_wconf 89' lang='lat' dir='ltr'>illis</span> <span class='ocrx_word' id='word_1_147' title='bbox 1326 2053 1460 2107; x_wconf 86' lang='lat' dir='ltr'>orationis</span> 
     </span>
    </p>
   </div>
   <div class='ocr_carea' id='block_1_4' title="bbox 280 2140 1542 2221">
    <p class='ocr_par' dir='ltr' id='par_1_4' title="bbox 280 2140 1542 2221">
     <span class='ocr_line' id='line_1_17' title="bbox 280 2140 1542 2221; baseline 0.002 -25"><span class='ocrx_word' id='word_1_148' title='bbox 280 2143 414 2213; x_wconf 88' lang='lat' dir='ltr'>partibus,</span> <span class='ocrx_word' id='word_1_149' title='bbox 439 2159 507 2210; x_wconf 86' lang='lat' dir='ltr'>quas</span> <span class='ocrx_word' id='word_1_150' title='bbox 531 2141 703 2195; x_wconf 88' lang='lat' dir='ltr'>necessarias</span> <span class='ocrx_word' id='word_1_151' title='bbox 727 2140 805 2196; x_wconf 90' lang='lat' dir='ltr'>ducit</span> <span class='ocrx_word' id='word_1_152' title='bbox 828 2141 1019 2210; x_wconf 87' lang='lat' dir='ltr'>philosophus,</span> <span class='ocrx_word' id='word_1_153' title='bbox 1042 2140 1160 2210; x_wconf 80' lang='grc' dir='ltr'>προθέσει</span> <span class='ocrx_word' id='word_1_154' title='bbox 1183 2145 1212 2194; x_wconf 95' lang='lat' dir='ltr'>et</span> <span class='ocrx_word' id='word_1_155' title='bbox 1236 2141 1366 2221; x_wconf 79' lang='grc' dir='ltr'>ἀποδείξει,</span> <span class='ocrx_word' id='word_1_156' title='bbox 1391 2143 1459 2195; x_wconf 87' lang='lat' dir='ltr'>duas</span> <span class='ocrx_word' id='word_1_157' title='bbox 1540 2192 1542 2198; x_wconf 94' lang='lat'><em>.</em></span> 
     </span>
    </p>
   </div>
   <div class='ocr_carea' id='block_1_5' title="bbox 218 2218 1459 4522">
    <p class='ocr_par' dir='ltr' id='par_1_5' title="bbox 218 2218 1459 4522">
     <span class='ocr_line' id='line_1_18' title="bbox 281 2218 1458 2303; baseline 0 -19"><span class='ocrx_word' id='word_1_158' title='bbox 281 2232 350 2285; x_wconf 88' lang='lat' dir='ltr'>alias</span> <span class='ocrx_word' id='word_1_159' title='bbox 378 2232 414 2284; x_wconf 90' lang='lat' dir='ltr'>ad</span> <span class='ocrx_word' id='word_1_160' title='bbox 443 2231 600 2284; x_wconf 90' lang='lat' dir='ltr'>ornandum</span> <span class='ocrx_word' id='word_1_161' title='bbox 627 2229 720 2298; x_wconf 90' lang='lat' dir='ltr'>potius</span> <span class='ocrx_word' id='word_1_162' title='bbox 744 2245 827 2296; x_wconf 88' lang='lat' dir='ltr'>quarn</span> <span class='ocrx_word' id='word_1_163' title='bbox 851 2230 888 2282; x_wconf 92' lang='lat' dir='ltr'>ad</span> <span class='ocrx_word' id='word_1_164' title='bbox 912 2229 1161 2283; x_wconf 88' lang='lat' dir='ltr'>demonstrandum</span> <span class='ocrx_word' id='word_1_165' title='bbox 1185 2218 1458 2303; x_wconf 17' lang='lat' dir='ltr'>idoneasuadiungit.</span> 
     </span>
     <span class='ocr_line' id='line_1_19' title="bbox 280 2317 1459 2386; baseline 0 -14"><span class='ocrx_word' id='word_1_166' title='bbox 280 2320 342 2373; x_wconf 88' lang='lat' dir='ltr'>Nec</span> <span class='ocrx_word' id='word_1_167' title='bbox 364 2319 452 2386; x_wconf 78' lang='lat' dir='ltr'>igitur</span> <span class='ocrx_word' id='word_1_168' title='bbox 471 2317 640 2372; x_wconf 87' lang='lat' dir='ltr'>Volkmanui</span> <span class='ocrx_word' id='word_1_169' title='bbox 662 2318 805 2375; x_wconf 85' lang='lat' dir='ltr'>sententia</span> <span class='ocrx_word' id='word_1_170' title='bbox 827 2321 903 2372; x_wconf 86' lang='lat' dir='ltr'>stare</span> <span class='ocrx_word' id='word_1_171' title='bbox 926 2321 1030 2386; x_wconf 87' lang='lat' dir='ltr'>potest,</span> <span class='ocrx_word' id='word_1_172' title='bbox 1054 2318 1101 2386; x_wconf 91' lang='lat' dir='ltr'>qui</span> <span class='ocrx_word' id='word_1_173' title='bbox 1124 2336 1152 2386; x_wconf 95' lang='lat' dir='ltr'>p.</span> <span class='ocrx_word' id='word_1_174' title='bbox 1172 2319 1225 2371; x_wconf 84' lang='lat'>123</span> <span class='ocrx_word' id='word_1_175' title='bbox 1249 2322 1379 2374; x_wconf 89' lang='lat' dir='ltr'>enostro</span> <span class='ocrx_word' id='word_1_176' title='bbox 1398 2320 1459 2373; x_wconf 92' lang='lat' dir='ltr'>loco</span> 
     </span>
     <span class='ocr_line' id='line_1_20' title="bbox 280 2405 1459 2477; baseline -0.001 -15"><span class='ocrx_word' id='word_1_177' title='bbox 280 2407 420 2462; x_wconf 86' lang='lat' dir='ltr'>concludit</span> <span class='ocrx_word' id='word_1_178' title='bbox 432 2406 590 2461; x_wconf 85' lang='lat' dir='ltr'>Aristotelis</span> <span class='ocrx_word' id='word_1_179' title='bbox 609 2407 704 2459; x_wconf 86' lang='lat' dir='ltr'>aetate</span> <span class='ocrx_word' id='word_1_180' title='bbox 722 2405 795 2461; x_wconf 89' lang='lat' dir='ltr'>hanc</span> <span class='ocrx_word' id='word_1_181' title='bbox 813 2405 1094 2474; x_wconf 88' lang='lat' dir='ltr'>quadripartitionem</span> <span class='ocrx_word' id='word_1_182' title='bbox 1107 2407 1251 2474; x_wconf 82' lang='lat' dir='ltr'>vulgatam</span> <span class='ocrx_word' id='word_1_183' title='bbox 1263 2407 1350 2461; x_wconf 84' lang='lat' dir='ltr'>fuisse</span> <span class='ocrx_word' id='word_1_184' title='bbox 1363 2407 1459 2477; x_wconf 79' lang='lat' dir='ltr'>(„Man</span> 
     </span>
     <span class='ocr_line' id='line_1_21' title="bbox 281 2493 1456 2575; baseline -0.001 -25"><span class='ocrx_word' id='word_1_185' title='bbox 281 2497 375 2575; x_wconf 77' lang='lat' dir='ltr'>stellto</span> <span class='ocrx_word' id='word_1_186' title='bbox 394 2495 483 2572; x_wconf 88' lang='lat' dir='ltr'>indes,</span> <span class='ocrx_word' id='word_1_187' title='bbox 502 2495 554 2549; x_wconf 84' lang='lat' dir='ltr'>wie</span> <span class='ocrx_word' id='word_1_188' title='bbox 574 2512 604 2549; x_wconf 91' lang='lat' dir='ltr'>er</span> <span class='ocrx_word' id='word_1_189' title='bbox 622 2495 711 2548; x_wconf 83' lang='lat' dir='ltr'>solbet</span> <span class='ocrx_word' id='word_1_190' title='bbox 729 2497 792 2562; x_wconf 84' lang='lat' dir='ltr'>sagt</span> <span class='ocrx_word' id='word_1_191' title='bbox 812 2493 961 2564; x_wconf 64' lang='lat'>(1414128),</span> <span class='ocrx_word' id='word_1_192' title='bbox 980 2493 1067 2547; x_wconf 91' lang='lat' dir='ltr'>sohon</span> <span class='ocrx_word' id='word_1_193' title='bbox 1086 2512 1119 2546; x_wconf 91' lang='lat' dir='ltr'>zu</span> <span class='ocrx_word' id='word_1_194' title='bbox 1138 2495 1230 2549; x_wconf 86' lang='lat' dir='ltr'>seincr</span> <span class='ocrx_word' id='word_1_195' title='bbox 1248 2495 1307 2549; x_wconf 89' lang='lat' dir='ltr'>Zeit</span> <span class='ocrx_word' id='word_1_196' title='bbox 1325 2498 1456 2564; x_wconf 78' lang='lat' dir='ltr'>gewohn·</span> 
     </span>
     <span class='ocr_line' id='line_1_22' title="bbox 279 2568 1458 2652; baseline 0 -16"><span class='ocrx_word' id='word_1_197' title='bbox 279 2583 335 2637; x_wconf 91' lang='lat' dir='ltr'>lich</span> <span class='ocrx_word' id='word_1_198' title='bbox 358 2583 399 2637; x_wconf 91' lang='lat' dir='ltr'>als</span> <span class='ocrx_word' id='word_1_199' title='bbox 417 2583 494 2638; x_wconf 87' lang='lat' dir='ltr'>Teile</span> <span class='ocrx_word' id='word_1_200' title='bbox 518 2583 578 2637; x_wconf 86' lang='lat' dir='ltr'>auf:</span> <span class='ocrx_word' id='word_1_201' title='bbox 602 2582 885 2652; x_wconf 63' lang='grc' dir='ltr'>προοίμιονπρόθεσις,</span> <span class='ocrx_word' id='word_1_202' title='bbox 905 2582 992 2648; x_wconf 86' lang='grc' dir='ltr'>πίστις,</span> <span class='ocrx_word' id='word_1_203' title='bbox 1012 2580 1160 2651; x_wconf 81' lang='grc' dir='ltr'>ἐπίλογος“).</span> <span class='ocrx_word' id='word_1_204' title='bbox 1197 2583 1269 2635; x_wconf 90' lang='lat' dir='ltr'>Nam</span> <span class='ocrx_word' id='word_1_205' title='bbox 1288 2583 1353 2638; x_wconf 93' lang='lat' dir='ltr'>huic</span> <span class='ocrx_word' id='word_1_206' title='bbox 1371 2568 1458 2638; x_wconf 84' lang='lat' dir='ltr'>inter-</span> 
     </span>
     <span class='ocr_line' id='line_1_23' title="bbox 279 2661 1455 2742; baseline 0 -16"><span class='ocrx_word' id='word_1_207' title='bbox 279 2672 432 2742; x_wconf 85' lang='lat' dir='ltr'>pretationi</span> <span class='ocrx_word' id='word_1_208' title='bbox 454 2689 507 2727; x_wconf 88' lang='lat' dir='ltr'>nec</span> <span class='ocrx_word' id='word_1_209' title='bbox 530 2672 592 2741; x_wconf 90' lang='lat' dir='ltr'>ipsa</span> <span class='ocrx_word' id='word_1_210' title='bbox 614 2671 773 2726; x_wconf 87' lang='lat' dir='ltr'>Aristotelis</span> <span class='ocrx_word' id='word_1_211' title='bbox 798 2671 884 2725; x_wconf 85' lang='lat' dir='ltr'>verba</span> <span class='ocrx_word' id='word_1_212' title='bbox 905 2670 1003 2724; x_wconf 84' lang='lat' dir='ltr'>favent</span> <span class='ocrx_word' id='word_1_213' title='bbox 1026 2661 1079 2723; x_wconf 83' lang='lat' dir='ltr'>nec</span> <span class='ocrx_word' id='word_1_214' title='bbox 1103 2671 1171 2724; x_wconf 89' lang='lat' dir='ltr'>alibi</span> <span class='ocrx_word' id='word_1_215' title='bbox 1190 2670 1264 2724; x_wconf 74' lang='lat' dir='ltr'>&#39;talia</span> <span class='ocrx_word' id='word_1_216' title='bbox 1287 2663 1455 2741; x_wconf 81' lang='lat' dir='ltr'>accepimus.</span> 
     </span>
     <span class='ocr_line' id='line_1_24' title="bbox 218 2759 1456 2839; baseline -0.006 -24"><span class='ocrx_word' id='word_1_217' title='bbox 218 2829 220 2832; x_wconf 7' lang='grc' dir='ltr'><em>Α</em></span> <span class='ocrx_word' id='word_1_218' title='bbox 278 2760 409 2816; x_wconf 79' lang='lat' dir='ltr'>Ceterum</span> <span class='ocrx_word' id='word_1_219' title='bbox 428 2760 614 2826; x_wconf 82' lang='lat' dir='ltr'>Quintilianus</span> <span class='ocrx_word' id='word_1_220' title='bbox 632 2763 707 2814; x_wconf 87' lang='lat' dir='ltr'>recte</span> <span class='ocrx_word' id='word_1_221' title='bbox 725 2760 773 2839; x_wconf 60' lang='lat'>1113</span> <span class='ocrx_word' id='word_1_222' title='bbox 779 2759 834 2828; x_wconf 84' lang='lat'>9,5:</span> <span class='ocrx_word' id='word_1_223' title='bbox 854 2760 915 2814; x_wconf 89' lang='lat' dir='ltr'>Hoc</span> <span class='ocrx_word' id='word_1_224' title='bbox 933 2775 1045 2827; x_wconf 77' lang='lat' dir='ltr'>quoquc,</span> <span class='ocrx_word' id='word_1_225' title='bbox 1064 2760 1112 2821; x_wconf 90' lang='lat' dir='ltr'>ait,</span> <span class='ocrx_word' id='word_1_226' title='bbox 1130 2759 1200 2814; x_wconf 79' lang='lat' dir='ltr'>idem</span> <span class='ocrx_word' id='word_1_227' title='bbox 1219 2759 1327 2828; x_wconf 74' lang='lat' dir='ltr'>(Arist.)</span> <span class='ocrx_word' id='word_1_228' title='bbox 1349 2760 1456 2829; x_wconf 67' lang='lat' dir='ltr'>aliquo„</span> 
     </span>
     <span class='ocr_line' id='line_1_25' title="bbox 278 2848 1456 2918; baseline -0.001 -14"><span class='ocrx_word' id='word_1_229' title='bbox 278 2857 357 2905; x_wconf 79' lang='lat' dir='ltr'>tenue</span> <span class='ocrx_word' id='word_1_230' title='bbox 374 2856 488 2918; x_wconf 81' lang='lat' dir='ltr'>novat,</span> <span class='ocrx_word' id='word_1_231' title='bbox 507 2850 580 2918; x_wconf 78' lang='lat' dir='ltr'>quod</span> <span class='ocrx_word' id='word_1_232' title='bbox 593 2851 733 2917; x_wconf 78' lang='lat' dir='ltr'>prooemio</span> <span class='ocrx_word' id='word_1_233' title='bbox 750 2865 806 2905; x_wconf 86' lang='grc' dir='ltr'>ποιι</span> <span class='ocrx_word' id='word_1_234' title='bbox 824 2848 1010 2902; x_wconf 64' lang='lat' dir='ltr'>remotionen</span> <span class='ocrx_word' id='word_1_235' title='bbox 1027 2849 1167 2918; x_wconf 75' lang='grc' dir='ltr'>οιιόίατιρίι</span> <span class='ocrx_word' id='word_1_236' title='bbox 1178 2849 1456 2918; x_wconf 65' lang='lat' dir='ltr'>improportionem.</span> 
     </span>
     <span class='ocr_line' id='line_1_26' title="bbox 280 2936 1457 3015; baseline 0.003 -24"><span class='ocrx_word' id='word_1_237' title='bbox 280 2938 360 3004; x_wconf 80' lang='lat' dir='ltr'>Quod</span> <span class='ocrx_word' id='word_1_238' title='bbox 379 2957 443 3015; x_wconf 83' lang='lat' dir='ltr'>eum</span> <span class='ocrx_word' id='word_1_239' title='bbox 461 2939 524 2993; x_wconf 89' lang='lat' dir='ltr'>ideo</span> <span class='ocrx_word' id='word_1_240' title='bbox 543 2938 651 3010; x_wconf 83' lang='lat' dir='ltr'>fecisse</span> <span class='ocrx_word' id='word_1_241' title='bbox 661 2938 815 2991; x_wconf 87' lang='lat' dir='ltr'>arbitratur</span> <span class='ocrx_word' id='word_1_242' title='bbox 828 2936 938 3000; x_wconf 77' lang='lat' dir='ltr'>Fabius,</span> <span class='ocrx_word' id='word_1_243' title='bbox 950 2937 1015 3006; x_wconf 80' lang='lat' dir='ltr'>quio</span> <span class='ocrx_word' id='word_1_244' title='bbox 1022 2938 1177 3006; x_wconf 78' lang='lat' dir='ltr'>propositio</span> <span class='ocrx_word' id='word_1_245' title='bbox 1190 2938 1215 2992; x_wconf 82' lang='lat' dir='ltr'>ei</span> <span class='ocrx_word' id='word_1_246' title='bbox 1224 2954 1319 3008; x_wconf 76' lang='grc' dir='ltr'>ριιιαο,</span> <span class='ocrx_word' id='word_1_247' title='bbox 1332 2941 1457 2995; x_wconf 77' lang='lat' dir='ltr'>corratio</span> 
     </span>
     <span class='ocr_line' id='line_1_27' title="bbox 277 3025 1456 3097; baseline 0.001 -16"><span class='ocrx_word' id='word_1_248' title='bbox 277 3028 379 3096; x_wconf 72' lang='grc' dir='ltr'>σροοίιο</span> <span class='ocrx_word' id='word_1_249' title='bbox 401 3028 515 3093; x_wconf 81' lang='lat' dir='ltr'>videtur,</span> <span class='ocrx_word' id='word_1_250' title='bbox 539 3033 565 3080; x_wconf 80' lang='lat' dir='ltr'>et</span> <span class='ocrx_word' id='word_1_251' title='bbox 582 3028 705 3086; x_wconf 74' lang='grc' dir='ltr'>Ιιοονιοιι</span> <span class='ocrx_word' id='word_1_252' title='bbox 723 3041 833 3094; x_wconf 77' lang='lat' dir='ltr'>semper,</span> <span class='ocrx_word' id='word_1_253' title='bbox 856 3025 1026 3094; x_wconf 74' lang='lat' dir='ltr'>illoeeooper</span> <span class='ocrx_word' id='word_1_254' title='bbox 1045 3033 1070 3097; x_wconf 76' lang='lat' dir='ltr'>et</span> <span class='ocrx_word' id='word_1_255' title='bbox 1088 3027 1185 3095; x_wconf 72' lang='grc' dir='ltr'>αόίριιο</span> <span class='ocrx_word' id='word_1_256' title='bbox 1203 3027 1287 3091; x_wconf 76' lang='lat' dir='ltr'>credit</span> <span class='ocrx_word' id='word_1_257' title='bbox 1306 3044 1374 3096; x_wconf 83' lang='lat' dir='ltr'>opus</span> <span class='ocrx_word' id='word_1_258' title='bbox 1393 3045 1456 3083; x_wconf 82' lang='lat' dir='ltr'>esee.</span> 
     </span>
     <span class='ocr_line' id='line_1_28' title="bbox 279 3107 1456 3185; baseline 0.002 -17"><span class='ocrx_word' id='word_1_259' title='bbox 279 3116 355 3182; x_wconf 82' lang='lat' dir='ltr'>Quae</span> <span class='ocrx_word' id='word_1_260' title='bbox 375 3115 533 3185; x_wconf 82' lang='lat' dir='ltr'>explicatio,</span> <span class='ocrx_word' id='word_1_261' title='bbox 552 3119 583 3167; x_wconf 94' lang='lat' dir='ltr'>ut</span> <span class='ocrx_word' id='word_1_262' title='bbox 602 3116 646 3169; x_wconf 90' lang='lat' dir='ltr'>est</span> <span class='ocrx_word' id='word_1_263' title='bbox 664 3131 759 3182; x_wconf 86' lang='lat' dir='ltr'>sagax,</span> <span class='ocrx_word' id='word_1_264' title='bbox 778 3114 813 3166; x_wconf 86' lang='lat' dir='ltr'>ad</span> <span class='ocrx_word' id='word_1_265' title='bbox 832 3107 997 3183; x_wconf 77' lang='lat' dir='ltr'>veritatem,</span> <span class='ocrx_word' id='word_1_266' title='bbox 1014 3120 1091 3183; x_wconf 88' lang='lat' dir='ltr'>puto,</span> <span class='ocrx_word' id='word_1_267' title='bbox 1110 3133 1196 3184; x_wconf 90' lang='lat' dir='ltr'>prope</span> <span class='ocrx_word' id='word_1_268' title='bbox 1215 3116 1332 3170; x_wconf 86' lang='lat' dir='ltr'>accedit.</span> <span class='ocrx_word' id='word_1_269' title='bbox 1365 3115 1456 3181; x_wconf 76' lang='lat' dir='ltr'>Quid?</span> 
     </span>
     <span class='ocr_line' id='line_1_29' title="bbox 278 3202 1456 3274; baseline 0.002 -16"><span class='ocrx_word' id='word_1_270' title='bbox 278 3206 350 3273; x_wconf 90' lang='lat' dir='ltr'>quod</span> <span class='ocrx_word' id='word_1_271' title='bbox 369 3204 504 3274; x_wconf 84' lang='lat' dir='ltr'>Stagirita</span> <span class='ocrx_word' id='word_1_272' title='bbox 522 3221 595 3258; x_wconf 88' lang='lat' dir='ltr'>nova</span> <span class='ocrx_word' id='word_1_273' title='bbox 613 3203 741 3257; x_wconf 87' lang='lat' dir='ltr'>doctrina</span> <span class='ocrx_word' id='word_1_274' title='bbox 760 3219 818 3269; x_wconf 85' lang='lat' dir='ltr'>sua,</span> <span class='ocrx_word' id='word_1_275' title='bbox 841 3219 926 3270; x_wconf 91' lang='lat' dir='ltr'>quam</span> <span class='ocrx_word' id='word_1_276' title='bbox 943 3204 1060 3271; x_wconf 81' lang='lat' dir='ltr'>praebet</span> <span class='ocrx_word' id='word_1_277' title='bbox 1077 3202 1120 3256; x_wconf 87' lang='lat'>111</span> <span class='ocrx_word' id='word_1_278' title='bbox 1133 3204 1175 3268; x_wconf 88' lang='grc'>13,</span> <span class='ocrx_word' id='word_1_279' title='bbox 1193 3203 1278 3272; x_wconf 87' lang='lat' dir='ltr'>plane</span> <span class='ocrx_word' id='word_1_280' title='bbox 1292 3204 1456 3260; x_wconf 90' lang='lat' dir='ltr'>oblitterata</span> 
     </span>
     <span class='ocr_line' id='line_1_30' title="bbox 277 3291 1455 3362; baseline 0.002 -16"><span class='ocrx_word' id='word_1_281' title='bbox 277 3295 306 3346; x_wconf 91' lang='lat' dir='ltr'>in</span> <span class='ocrx_word' id='word_1_282' title='bbox 324 3293 507 3362; x_wconf 88' lang='lat' dir='ltr'>sequentibus</span> <span class='ocrx_word' id='word_1_283' title='bbox 525 3292 664 3361; x_wconf 87' lang='lat' dir='ltr'>capitibus</span> <span class='ocrx_word' id='word_1_284' title='bbox 682 3291 794 3362; x_wconf 79' lang='grc' dir='ltr'>διήγησιν</span> <span class='ocrx_word' id='word_1_285' title='bbox 814 3295 843 3345; x_wconf 87' lang='lat' dir='ltr'>et</span> <span class='ocrx_word' id='word_1_286' title='bbox 861 3291 971 3345; x_wconf 89' lang='lat' dir='ltr'>inducit</span> <span class='ocrx_word' id='word_1_287' title='bbox 990 3295 1019 3344; x_wconf 88' lang='lat' dir='ltr'>ot</span> <span class='ocrx_word' id='word_1_288' title='bbox 1036 3295 1199 3361; x_wconf 74' lang='lat' dir='ltr'>pertractat,</span> <span class='ocrx_word' id='word_1_289' title='bbox 1223 3295 1340 3362; x_wconf 91' lang='grc' dir='ltr'>πρόθεσιν</span> <span class='ocrx_word' id='word_1_290' title='bbox 1359 3297 1455 3349; x_wconf 91' lang='lat' dir='ltr'>autem</span> 
     </span>
     <span class='ocr_line' id='line_1_31' title="bbox 276 3381 1455 3451; baseline 0.002 -15"><span class='ocrx_word' id='word_1_291' title='bbox 276 3400 333 3437; x_wconf 91' lang='lat' dir='ltr'>non</span> <span class='ocrx_word' id='word_1_292' title='bbox 356 3383 413 3437; x_wconf 90' lang='lat' dir='ltr'>iam</span> <span class='ocrx_word' id='word_1_293' title='bbox 435 3382 509 3436; x_wconf 88' lang='lat' dir='ltr'>inter</span> <span class='ocrx_word' id='word_1_294' title='bbox 531 3387 563 3436; x_wconf 83' lang='grc' dir='ltr'>τὰ</span> <span class='ocrx_word' id='word_1_295' title='bbox 586 3382 661 3451; x_wconf 88' lang='grc' dir='ltr'>μόρια</span> <span class='ocrx_word' id='word_1_296' title='bbox 682 3388 727 3437; x_wconf 76' lang='grc' dir='ltr'>τοῦ</span> <span class='ocrx_word' id='word_1_297' title='bbox 750 3381 823 3450; x_wconf 85' lang='grc' dir='ltr'>λόγου</span> <span class='ocrx_word' id='word_1_298' title='bbox 847 3382 985 3445; x_wconf 83' lang='lat' dir='ltr'>numerat,</span> <span class='ocrx_word' id='word_1_299' title='bbox 1009 3382 1060 3435; x_wconf 86' lang='lat' dir='ltr'>se&#39;d</span> <span class='ocrx_word' id='word_1_300' title='bbox 1082 3399 1133 3450; x_wconf 91' lang='lat' dir='ltr'>pro</span> <span class='ocrx_word' id='word_1_301' title='bbox 1158 3383 1278 3437; x_wconf 86' lang='lat' dir='ltr'>maxime</span> <span class='ocrx_word' id='word_1_302' title='bbox 1297 3383 1455 3438; x_wconf 88' lang='lat' dir='ltr'>necessaria</span> 
     </span>
     <span class='ocr_line' id='line_1_32' title="bbox 276 3469 1454 3542; baseline 0.003 -16"><span class='ocrx_word' id='word_1_303' title='bbox 276 3471 411 3542; x_wconf 90' lang='lat' dir='ltr'>prooemii</span> <span class='ocrx_word' id='word_1_304' title='bbox 434 3473 515 3539; x_wconf 88' lang='lat' dir='ltr'>parte</span> <span class='ocrx_word' id='word_1_305' title='bbox 539 3469 655 3524; x_wconf 69' lang='lat' dir='ltr'>heberto</span> <span class='ocrx_word' id='word_1_306' title='bbox 693 3470 806 3524; x_wconf 80' lang='lat' dir='ltr'>Etenim</span> <span class='ocrx_word' id='word_1_307' title='bbox 829 3469 954 3538; x_wconf 87' lang='grc' dir='ltr'>προοίμιον</span> <span class='ocrx_word' id='word_1_308' title='bbox 979 3470 1111 3523; x_wconf 70' lang='lat' dir='ltr'>moal?</span> <span class='ocrx_word' id='word_1_309' title='bbox 1135 3470 1277 3525; x_wconf 82' lang='lat' dir='ltr'>existimat</span> <span class='ocrx_word' id='word_1_310' title='bbox 1300 3477 1392 3542; x_wconf 75' lang='grc' dir='ltr'>δεῖγμα</span> <span class='ocrx_word' id='word_1_311' title='bbox 1410 3481 1454 3529; x_wconf 79' lang='grc' dir='ltr'>τοῦ</span> 
     </span>
     <span class='ocr_line' id='line_1_33' title="bbox 277 3556 1455 3636; baseline 0.003 -21"><span class='ocrx_word' id='word_1_312' title='bbox 277 3562 358 3631; x_wconf 89' lang='grc' dir='ltr'>λόγου,</span> <span class='ocrx_word' id='word_1_313' title='bbox 375 3557 419 3614; x_wconf 82' lang='grc' dir='ltr'>ἶνα</span> <span class='ocrx_word' id='word_1_314' title='bbox 436 3564 569 3628; x_wconf 83' lang='grc' dir='ltr'>προειδῶσι</span> <span class='ocrx_word' id='word_1_315' title='bbox 587 3560 644 3628; x_wconf 82' lang='grc' dir='ltr'>περὶ</span> <span class='ocrx_word' id='word_1_316' title='bbox 662 3556 690 3615; x_wconf 73' lang='grc' dir='ltr'>οὔ</span> <span class='ocrx_word' id='word_1_317' title='bbox 708 3558 725 3636; x_wconf 74' lang='grc' dir='ltr'>ᾔ</span> <span class='ocrx_word' id='word_1_318' title='bbox 743 3557 756 3615; x_wconf 84' lang='grc' dir='ltr'><em>ὃ</em></span> <span class='ocrx_word' id='word_1_319' title='bbox 775 3560 846 3625; x_wconf 83' lang='grc' dir='ltr'>λόγος</span> <span class='ocrx_word' id='word_1_320' title='bbox 865 3561 917 3612; x_wconf 84' lang='lat' dir='ltr'>etc.</span> <span class='ocrx_word' id='word_1_321' title='bbox 939 3562 968 3613; x_wconf 88' lang='lat' dir='ltr'>et</span> <span class='ocrx_word' id='word_1_322' title='bbox 986 3560 1082 3628; x_wconf 80' lang='lat' dir='ltr'>pergit</span> <span class='ocrx_word' id='word_1_323' title='bbox 1099 3560 1168 3614; x_wconf 76' lang='lat' dir='ltr'>aaa:</span> <span class='ocrx_word' id='word_1_324' title='bbox 1187 3561 1216 3616; x_wconf 80' lang='grc' dir='ltr'>τὸ</span> <span class='ocrx_word' id='word_1_325' title='bbox 1235 3561 1280 3630; x_wconf 79' lang='grc' dir='ltr'>μὲν</span> <span class='ocrx_word' id='word_1_326' title='bbox 1299 3559 1341 3616; x_wconf 70' lang='grc' dir='ltr'>οὖν</span> <span class='ocrx_word' id='word_1_327' title='bbox 1360 3563 1455 3632; x_wconf 80' lang='grc' dir='ltr'>ἀναγ-</span> 
     </span>
     <span class='ocr_line' id='line_1_34' title="bbox 276 3643 1454 3718; baseline 0.002 -13"><span class='ocrx_word' id='word_1_328' title='bbox 276 3651 442 3705; x_wconf 85' lang='grc' dir='ltr'>καιότατον</span> <span class='ocrx_word' id='word_1_329' title='bbox 465 3643 536 3718; x_wconf 80' lang='grc' dir='ltr'>ἔργον</span> <span class='ocrx_word' id='word_1_330' title='bbox 558 3654 603 3704; x_wconf 73' lang='grc' dir='ltr'>τοῦ</span> <span class='ocrx_word' id='word_1_331' title='bbox 625 3649 751 3718; x_wconf 85' lang='grc' dir='ltr'>προοιμίου</span> <span class='ocrx_word' id='word_1_332' title='bbox 774 3650 818 3703; x_wconf 85' lang='grc' dir='ltr'>καὶ</span> <span class='ocrx_word' id='word_1_333' title='bbox 838 3644 919 3704; x_wconf 86' lang='grc' dir='ltr'>ίδιον</span> <span class='ocrx_word' id='word_1_334' title='bbox 937 3655 1018 3715; x_wconf 73' lang='grc' dir='ltr'>τοῦτο,</span> <span class='ocrx_word' id='word_1_335' title='bbox 1036 3651 1151 3718; x_wconf 81' lang='grc' dir='ltr'>δηλῶσαι</span> <span class='ocrx_word' id='word_1_336' title='bbox 1168 3649 1191 3704; x_wconf 90' lang='grc' dir='ltr'>τί</span> <span class='ocrx_word' id='word_1_337' title='bbox 1208 3645 1274 3706; x_wconf 80' lang='grc' dir='ltr'>ἔστιν</span> <span class='ocrx_word' id='word_1_338' title='bbox 1292 3651 1321 3706; x_wconf 81' lang='grc' dir='ltr'>τὸ</span> <span class='ocrx_word' id='word_1_339' title='bbox 1339 3650 1408 3714; x_wconf 81' lang='grc' dir='ltr'>τέλος</span> <span class='ocrx_word' id='word_1_340' title='bbox 1426 3648 1454 3707; x_wconf 80' lang='grc' dir='ltr'>τό</span> 
     </span>
     <span class='ocr_line' id='line_1_35' title="bbox 278 3735 1454 3808; baseline 0.002 -14"><span class='ocrx_word' id='word_1_341' title='bbox 278 3737 351 3794; x_wconf 76' lang='grc' dir='ltr'>ἕνεκα</span> <span class='ocrx_word' id='word_1_342' title='bbox 369 3737 382 3794; x_wconf 85' lang='grc' dir='ltr'>ό</span> <span class='ocrx_word' id='word_1_343' title='bbox 401 3739 480 3807; x_wconf 89' lang='grc' dir='ltr'>λόγος.</span> <span class='ocrx_word' id='word_1_344' title='bbox 512 3737 548 3791; x_wconf 85' lang='lat' dir='ltr'>cf.</span> <span class='ocrx_word' id='word_1_345' title='bbox 568 3737 654 3791; x_wconf 88' lang='lat' dir='ltr'>otiam</span> <span class='ocrx_word' id='word_1_346' title='bbox 675 3737 802 3792; x_wconf 80' lang='lat' dir='ltr'>1415b8:</span> <span class='ocrx_word' id='word_1_347' title='bbox 822 3743 887 3792; x_wconf 83' lang='grc' dir='ltr'>δεῖ.</span> <span class='ocrx_word' id='word_1_348' title='bbox 908 3778 914 3790; x_wconf 93' lang='grc'><strong>.</strong></span> <span class='ocrx_word' id='word_1_349' title='bbox 936 3738 988 3794; x_wconf 63' lang='grc' dir='ltr'>»τὸ</span> <span class='ocrx_word' id='word_1_350' title='bbox 1006 3735 1454 3808; x_wconf 76' lang='grc' dir='ltr'>πρᾶγμαείπεῒναεφαλαιωδῶς</span> 
     </span>
     <span class='ocr_line' id='line_1_36' title="bbox 278 3821 1453 3898; baseline 0.004 -18"><span class='ocrx_word' id='word_1_351' title='bbox 278 3830 307 3881; x_wconf 91' lang='lat' dir='ltr'>et</span> <span class='ocrx_word' id='word_1_352' title='bbox 326 3825 472 3879; x_wconf 82' lang='lat' dir='ltr'>1419b30:</span> <span class='ocrx_word' id='word_1_353' title='bbox 495 3821 551 3882; x_wconf 78' lang='grc' dir='ltr'>ἐκεῖ</span> <span class='ocrx_word' id='word_1_354' title='bbox 566 3827 606 3896; x_wconf 91' lang='lat' dir='ltr'>(in</span> <span class='ocrx_word' id='word_1_355' title='bbox 626 3827 751 3895; x_wconf 83' lang='lat' dir='ltr'>exordio)</span> <span class='ocrx_word' id='word_1_356' title='bbox 771 3827 816 3895; x_wconf 85' lang='grc' dir='ltr'>μὲν</span> <span class='ocrx_word' id='word_1_357' title='bbox 834 3825 877 3882; x_wconf 75' lang='grc' dir='ltr'>οὖν</span> <span class='ocrx_word' id='word_1_358' title='bbox 896 3827 981 3882; x_wconf 79' lang='grc' dir='ltr'>δεῖτὸ</span> <span class='ocrx_word' id='word_1_359' title='bbox 999 3833 1127 3896; x_wconf 75' lang='grc' dir='ltr'>πρᾶγμα</span> <span class='ocrx_word' id='word_1_360' title='bbox 1145 3823 1259 3889; x_wconf 82' lang='grc' dir='ltr'>εἰπεῖν,</span> <span class='ocrx_word' id='word_1_361' title='bbox 1280 3824 1323 3884; x_wconf 89' lang='grc' dir='ltr'>ίνα</span> <span class='ocrx_word' id='word_1_362' title='bbox 1342 3828 1383 3898; x_wconf 70' lang='grc' dir='ltr'>μίγ</span> <span class='ocrx_word' id='word_1_363' title='bbox 1396 3836 1453 3885; x_wconf 89' lang='grc' dir='ltr'>λαν-</span> 
     </span>
     <span class='ocr_line' id='line_1_37' title="bbox 278 3914 1453 3992; baseline 0.001 -21"><span class='ocrx_word' id='word_1_364' title='bbox 278 3919 344 3992; x_wconf 68' lang='grc' dir='ltr'>θάνῃ</span> <span class='ocrx_word' id='word_1_365' title='bbox 363 3917 416 3971; x_wconf 91' lang='lat' dir='ltr'>etc.</span> <span class='ocrx_word' id='word_1_366' title='bbox 454 3914 551 3969; x_wconf 87' lang='lat' dir='ltr'>Nonne</span> <span class='ocrx_word' id='word_1_367' title='bbox 569 3915 599 3968; x_wconf 92' lang='lat' dir='ltr'>in</span> <span class='ocrx_word' id='word_1_368' title='bbox 616 3919 749 3984; x_wconf 90' lang='lat' dir='ltr'>promptu</span> <span class='ocrx_word' id='word_1_369' title='bbox 768 3918 812 3969; x_wconf 89' lang='lat' dir='ltr'>est</span> <span class='ocrx_word' id='word_1_370' title='bbox 830 3916 873 3969; x_wconf 84' lang='lat' dir='ltr'>his</span> <span class='ocrx_word' id='word_1_371' title='bbox 892 3915 984 3969; x_wconf 84' lang='lat' dir='ltr'>vorbis</span> <span class='ocrx_word' id='word_1_372' title='bbox 1002 3917 1119 3984; x_wconf 85' lang='grc' dir='ltr'>πρόθεσιν</span> <span class='ocrx_word' id='word_1_373' title='bbox 1136 3916 1263 3978; x_wconf 88' lang='lat' dir='ltr'>indicari,</span> <span class='ocrx_word' id='word_1_374' title='bbox 1286 3935 1453 3986; x_wconf 88' lang='lat' dir='ltr'>quamquam</span> 
     </span>
     <span class='ocr_line' id='line_1_38' title="bbox 275 4003 1452 4073; baseline 0 -15"><span class='ocrx_word' id='word_1_375' title='bbox 275 4004 442 4058; x_wconf 86' lang='lat' dir='ltr'>Aristoteles</span> <span class='ocrx_word' id='word_1_376' title='bbox 461 4004 535 4059; x_wconf 91' lang='lat' dir='ltr'>hunc</span> <span class='ocrx_word' id='word_1_377' title='bbox 552 4005 704 4058; x_wconf 89' lang='lat' dir='ltr'>terminum</span> <span class='ocrx_word' id='word_1_378' title='bbox 727 4004 818 4073; x_wconf 87' lang='lat' dir='ltr'>ipsum</span> <span class='ocrx_word' id='word_1_379' title='bbox 841 4003 934 4072; x_wconf 83' lang='lat' dir='ltr'>fugit?</span> <span class='ocrx_word' id='word_1_380' title='bbox 970 4004 1048 4070; x_wconf 86' lang='lat' dir='ltr'>Quod</span> <span class='ocrx_word' id='word_1_381' title='bbox 1068 4005 1181 4073; x_wconf 89' lang='lat' dir='ltr'>quidem</span> <span class='ocrx_word' id='word_1_382' title='bbox 1199 4005 1262 4060; x_wconf 90' lang='lat' dir='ltr'>luce</span> <span class='ocrx_word' id='word_1_383' title='bbox 1280 4006 1333 4059; x_wconf 90' lang='lat' dir='ltr'>tibi</span> <span class='ocrx_word' id='word_1_384' title='bbox 1352 4007 1452 4060; x_wconf 82' lang='lat' dir='ltr'>clarius</span> 
     </span>
     <span class='ocr_line' id='line_1_39' title="bbox 276 4093 1452 4162; baseline 0.003 -15"><span class='ocrx_word' id='word_1_385' title='bbox 276 4093 424 4161; x_wconf 89' lang='lat' dir='ltr'>videbitur,</span> <span class='ocrx_word' id='word_1_386' title='bbox 447 4111 511 4148; x_wconf 91' lang='lat' dir='ltr'>cum</span> <span class='ocrx_word' id='word_1_387' title='bbox 530 4093 627 4146; x_wconf 83' lang='lat'><strong>11113</strong></span> <span class='ocrx_word' id='word_1_388' title='bbox 651 4093 866 4162; x_wconf 85' lang='lat' dir='ltr'>comparaveris,</span> <span class='ocrx_word' id='word_1_389' title='bbox 889 4093 937 4148; x_wconf 92' lang='lat' dir='ltr'>ubi</span> <span class='ocrx_word' id='word_1_390' title='bbox 959 4095 1076 4162; x_wconf 86' lang='grc' dir='ltr'>πρόθεσις</span> <span class='ocrx_word' id='word_1_391' title='bbox 1094 4093 1193 4148; x_wconf 90' lang='lat' dir='ltr'>iisdem</span> <span class='ocrx_word' id='word_1_392' title='bbox 1212 4093 1271 4148; x_wconf 83' lang='lat' dir='ltr'>fero</span> <span class='ocrx_word' id='word_1_393' title='bbox 1290 4095 1384 4149; x_wconf 87' lang='lat' dir='ltr'>verbis</span> <span class='ocrx_word' id='word_1_394' title='bbox 1404 4097 1452 4150; x_wconf 89' lang='lat' dir='ltr'>de-</span> 
     </span>
     <span class='ocr_line' id='line_1_40' title="bbox 276 4179 1452 4252; baseline 0.003 -16"><span class='ocrx_word' id='word_1_395' title='bbox 276 4183 372 4236; x_wconf 87' lang='lat' dir='ltr'>finitur</span> <span class='ocrx_word' id='word_1_396' title='bbox 395 4181 540 4236; x_wconf 77' lang='lat' dir='ltr'>1414a31:</span> <span class='ocrx_word' id='word_1_397' title='bbox 565 4183 736 4250; x_wconf 79' lang='grc' dir='ltr'>ἀναγκαῖον</span> <span class='ocrx_word' id='word_1_398' title='bbox 759 4187 806 4251; x_wconf 86' lang='grc' dir='ltr'>γὰρ</span> <span class='ocrx_word' id='word_1_399' title='bbox 829 4183 857 4238; x_wconf 93' lang='grc' dir='ltr'>τό</span> <span class='ocrx_word' id='word_1_400' title='bbox 880 4203 908 4238; x_wconf 88' lang='grc' dir='ltr'>τε</span> <span class='ocrx_word' id='word_1_401' title='bbox 930 4189 1057 4252; x_wconf 74' lang='grc' dir='ltr'>πρᾶγμα</span> <span class='ocrx_word' id='word_1_402' title='bbox 1075 4179 1174 4238; x_wconf 83' lang='grc' dir='ltr'>εἰπεῖν</span> <span class='ocrx_word' id='word_1_403' title='bbox 1193 4185 1250 4252; x_wconf 86' lang='grc' dir='ltr'>περὶ</span> <span class='ocrx_word' id='word_1_404' title='bbox 1267 4180 1296 4239; x_wconf 69' lang='lat' dir='ltr'>ot</span> <span class='ocrx_word' id='word_1_405' title='bbox 1316 4225 1322 4237; x_wconf 91' lang='lat'><strong><em>.</em></strong></span> <span class='ocrx_word' id='word_1_406' title='bbox 1342 4227 1348 4236; x_wconf 90' lang='lat'><em>.</em></span> <span class='ocrx_word' id='word_1_407' title='bbox 1369 4227 1375 4239; x_wconf 93' lang='lat'><strong><em>.</em></strong></span> <span class='ocrx_word' id='word_1_408' title='bbox 1396 4226 1402 4240; x_wconf 90' lang='lat'><strong>.</strong></span> <span class='ocrx_word' id='word_1_409' title='bbox 1423 4189 1452 4239; x_wconf 86' lang='lat' dir='ltr'>et</span> 
     </span>
     <span class='ocr_line' id='line_1_41' title="bbox 276 4268 1451 4341; baseline 0.005 -19"><span class='ocrx_word' id='word_1_410' title='bbox 276 4270 656 4341; x_wconf 72' lang='grc' dir='ltr'>141417ι-ἀναγκαῒαᾰρα</span> <span class='ocrx_word' id='word_1_411' title='bbox 675 4272 749 4341; x_wconf 87' lang='grc' dir='ltr'>μόρια</span> <span class='ocrx_word' id='word_1_412' title='bbox 767 4273 885 4340; x_wconf 87' lang='grc' dir='ltr'>πρόθεσις</span> <span class='ocrx_word' id='word_1_413' title='bbox 903 4274 947 4328; x_wconf 85' lang='grc' dir='ltr'>καὶ</span> <span class='ocrx_word' id='word_1_414' title='bbox 964 4272 1060 4335; x_wconf 87' lang='grc' dir='ltr'>πίστις·</span> <span class='ocrx_word' id='word_1_415' title='bbox 1078 4268 1146 4327; x_wconf 80' lang='grc' dir='ltr'>ίδια</span> <span class='ocrx_word' id='word_1_416' title='bbox 1165 4272 1210 4341; x_wconf 83' lang='grc' dir='ltr'>μὲν</span> <span class='ocrx_word' id='word_1_417' title='bbox 1230 4271 1272 4328; x_wconf 77' lang='grc' dir='ltr'>οὖν</span> <span class='ocrx_word' id='word_1_418' title='bbox 1291 4280 1371 4328; x_wconf 73' lang='grc' dir='ltr'>ταῦτα</span> <span class='ocrx_word' id='word_1_419' title='bbox 1390 4315 1396 4328; x_wconf 92' lang='grc'>.</span> <span class='ocrx_word' id='word_1_420' title='bbox 1417 4317 1423 4328; x_wconf 88' lang='grc'><strong>.</strong></span> <span class='ocrx_word' id='word_1_421' title='bbox 1445 4317 1451 4328; x_wconf 93' lang='grc'><strong>.</strong></span> 
     </span>
     <span class='ocr_line' id='line_1_42' title="bbox 275 4360 1452 4430; baseline 0.002 -15"><span class='ocrx_word' id='word_1_422' title='bbox 275 4384 307 4403; x_wconf 85' lang='lat'>··-</span> <span class='ocrx_word' id='word_1_423' title='bbox 333 4360 386 4415; x_wconf 85' lang='lat' dir='ltr'>Sed</span> <span class='ocrx_word' id='word_1_424' title='bbox 409 4361 504 4415; x_wconf 90' lang='lat' dir='ltr'>nescio</span> <span class='ocrx_word' id='word_1_425' title='bbox 523 4378 559 4413; x_wconf 92' lang='lat' dir='ltr'>an</span> <span class='ocrx_word' id='word_1_426' title='bbox 577 4361 651 4414; x_wconf 89' lang='lat' dir='ltr'>inter</span> <span class='ocrx_word' id='word_1_427' title='bbox 668 4362 795 4430; x_wconf 86' lang='grc' dir='ltr'>πρόθεσιν,</span> <span class='ocrx_word' id='word_1_428' title='bbox 820 4378 904 4429; x_wconf 90' lang='lat' dir='ltr'>quam</span> <span class='ocrx_word' id='word_1_429' title='bbox 921 4361 1088 4415; x_wconf 82' lang='lat' dir='ltr'>Aristoteles</span> <span class='ocrx_word' id='word_1_430' title='bbox 1107 4361 1150 4414; x_wconf 87' lang='grc' dir='ltr'>ΠΙ</span> <span class='ocrx_word' id='word_1_431' title='bbox 1169 4361 1203 4414; x_wconf 90' lang='grc'>13</span> <span class='ocrx_word' id='word_1_432' title='bbox 1221 4363 1355 4430; x_wconf 88' lang='lat' dir='ltr'>postulat,</span> <span class='ocrx_word' id='word_1_433' title='bbox 1378 4363 1452 4417; x_wconf 85' lang='lat' dir='ltr'>infra</span> 
     </span>
     <span class='ocr_line' id='line_1_43' title="bbox 276 4449 1451 4522; baseline 0.002 -19"><span class='ocrx_word' id='word_1_434' title='bbox 276 4449 391 4503; x_wconf 87' lang='lat' dir='ltr'>omnino</span> <span class='ocrx_word' id='word_1_435' title='bbox 406 4450 618 4518; x_wconf 84' lang='lat' dir='ltr'>praetermittit,</span> <span class='ocrx_word' id='word_1_436' title='bbox 643 4454 672 4504; x_wconf 86' lang='lat' dir='ltr'>et</span> <span class='ocrx_word' id='word_1_437' title='bbox 690 4451 767 4505; x_wconf 87' lang='lat' dir='ltr'>illam</span> <span class='ocrx_word' id='word_1_438' title='bbox 787 4451 1014 4519; x_wconf 86' lang='lat' dir='ltr'>propositionem,</span> <span class='ocrx_word' id='word_1_439' title='bbox 1038 4468 1122 4518; x_wconf 86' lang='lat' dir='ltr'>quam</span> <span class='ocrx_word' id='word_1_440' title='bbox 1141 4468 1205 4504; x_wconf 88' lang='lat' dir='ltr'>eum</span> <span class='ocrx_word' id='word_1_441' title='bbox 1223 4468 1322 4519; x_wconf 84' lang='lat' dir='ltr'>reapse</span> <span class='ocrx_word' id='word_1_442' title='bbox 1341 4452 1369 4504; x_wconf 89' lang='lat' dir='ltr'>in</span> <span class='ocrx_word' id='word_1_443' title='bbox 1388 4453 1451 4522; x_wconf 79' lang='lat' dir='ltr'>pro-</span> 
     </span>
    </p>
   </div>
   <div class='ocr_carea' id='block_1_6' title="bbox 0 0 1644 5206">
    <p class='ocr_par' dir='ltr' id='par_1_6' title="bbox 0 0 1644 5206">
     <span class='ocr_line' id='line_1_44' title="bbox 0 0 1644 5206; baseline 0 2"><span class='ocrx_word' id='word_1_444' title='bbox 0 0 1644 5206; x_wconf 95' lang='lat' dir='ltr'> </span> 
     </span>
    </p>
   </div>
  </div>
 </body>
</html>
