3278 5206
778 437 995 500 ..4g,.

296 617 372 680 Huc
408 617 506 679 etiam
541 623 653 701 aperte
689 623 816 700 spectat
850 603 1005 701 anonymi
1041 616 1115 700 Seg.
1152 615 1236 694 §99
1265 616 1472 701 (19‚10G.):
1525 666 1528 675 .

297 729 423 808 ἡδεῖαν
457 728 494 790 δὲ
521 729 655 807 ποιήσεις
676 728 732 806 τὴν
755 728 904 811 διήγησιν,
941 727 995 791 ἐὰν
1017 734 1082 803 τοῖς
1104 727 1226 803 οἰκείοις
1250 728 1342 809 αὐτὴν
1365 726 1473 808 ἤθεσι

297 837 490 922 διαποικίλῃς
501 837 554 898 καὶ
569 837 715 920 γνώμας
730 833 887 921 ἀναμίξῃς.
928 828 993 908 Qui
1004 828 1096 893 locus
1110 828 1317 915 aliquatenus
1331 833 1473 894 concinit

298 959 372 1002 cum
400 935 587 1000 Aristotelis
618 935 682 999 illis
712 958 812 1022 supra
847 935 995 1001 laudatis.
1045 936 1110 1015 Qui
1146 935 1290 1001 1417a7
1325 944 1472 1027 παραδιη·

296 1048 419 1134 γεῖσδαι
446 1065 507 1107 nos
535 1043 634 1124 iubet,
665 1048 724 1111 ὅσα
753 1049 844 1127 ἡδέα
878 1054 940 1123 τοῖς
973 1049 1134 1124 δικασταῖς
1166 1052 1199 1107 et
1235 1044 1349 1108 1418a
1364 1044 1403 1108 17
1439 1046 1473 1106 in

297 1152 482 1215 narratione
497 1159 640 1241 γνώμας
656 1149 862 1235 usurpandas
880 1171 954 1213 esse
972 1151 1025 1231 ait,
1051 1152 1127 1236 quia
1142 1154 1272 1235 ἠθικόν
1288 1153 1339 1215 sit.
1387 1149 1472 1215 Cum

299 1259 453 1342 anonymi
476 1265 585 1320 autem
608 1255 814 1342 paragrapho
838 1255 881 1320 99
905 1258 969 1319 iam
987 1255 1181 1320 Graevenus
1202 1279 1233 1342 p.
1258 1257 1299 1321 19
1320 1257 1471 1341 (XLVII)

298 1363 488 1443 Quintiliani
511 1361 619 1427 locum
636 1363 682 1426 IV
700 1364 797 1445 2,121
824 1365 1034 1449 comparavit,
1059 1363 1114 1427 ubi
1130 1363 1241 1428 rhetor
1263 1387 1302 1428 iio
1320 1365 1451 1430 scatenti

297 1472 423 1552 quidem
445 1471 550 1555 inquit
571 1470 653 1535 velat
668 1470 842 1552 fatigatam
857 1472 1030 1536 interitione
1051 1471 1247 1536 stomachum
1270 1472 1385 1536 iudicis
1399 1471 1471 1550 refi-

297 1599 363 1642 cere
386 1586 446 1661 (sc.
473 1578 505 1639 in
527 1578 725 1660 narratione)
748 1577 964 1658 dissuaserim,
990 1576 1052 1641 hoc
1069 1586 1282 1662 praeceptum
1299 1577 1377 1662 quid
1392 1575 1471 1640 velit

298 1682 458 1769 exemplis
483 1682 708 1748 Ciceronianis
731 1685 960 1772 interpretans.

406 1808 570 1893 Sequitur,
600 1816 635 1870 ut
659 1829 865 1893 quaeramus,
895 1829 959 1892 quo
983 1807 1116 1871 tandem
1139 1806 1211 1872 loco
1235 1814 1474 1899 repatriatione

298 1913 509 1979 collocandae
547 1915 620 1979 sint.
669 1914 777 1999 Atque
809 1913 1090 1980 adnotatiunculae
1121 1913 1193 1978 illas
1226 1913 1266 1977 ab
1294 1913 1470 1978 Aristotele

298 2022 436 2106 aliisque
471 2020 525 2084 vel
558 2019 739 2106 postulatas
774 2019 829 2084 vel
862 2021 1086 2106 frequentatas
1121 2022 1300 2106 praecipue
1335 2023 1369 2084 in
1398 2021 1471 2107 ipsa

296 2130 480 2192 narratione
504 2127 618 2192 sedem
642 2126 764 2191 habere
789 2129 921 2192 scimus.
963 2126 1051 2205 Quid
1072 2149 1149 2192 vero
1167 2127 1282 2192 Cicero
1306 2136 1338 2191 et
1358 2137 1472 2191 auctor

296 2234 338 2300 ad
360 2235 401 2300 H.
428 2235 469 2298 de
494 2232 626 2298 alterius
645 2237 781 2324 'generis
806 2234 886 2299 sede
911 2235 1091 2318 statuerint,
1114 2235 1222 2298 minus
1246 2236 1280 2298 in
1301 2232 1470 2320 propatulo

297 2352 357 2420 est,
382 2344 459 2425 quia
482 2340 517 2404 hi
539 2341 635 2405 ambo
661 2342 940 2426 exspectationem
964 2350 1108 2404 nostram
1132 2339 1258 2422 fallunt,
1284 2363 1359 2405 cum
1384 2350 1472 2404 certa

296 2458 472 2535 praecepta
506 2448 546 2512 de
580 2447 682 2511 altero
718 2448 912 2510 narrationis
951 2469 1073 2530 genere
1111 2468 1248 2532 prorsus
1287 2445 1471 2531 neglegant.

296 2557 421 2619 Tamen
461 2554 501 2618 de
538 2554 707 2618 Ciceronis
747 2555 909 2618 sententia
947 2553 1088 2616 fortasse
1127 2552 1250 2638 aliquid
1284 2556 1470 2617 accuratius

294 2662 452 2745 indagare
463 2683 649 2746 possumus.
678 2660 741 2739 Qui
756 2658 891 2723 alterum
901 2658 980 2722 illud
992 2681 1108 2742 genus,
1123 2658 1470 2751 ιμιοᾶπαραδιηγήσεως

297 2770 444 2855 speciem
468 2789 546 2852 prae
564 2789 599 2831 se
616 2768 703 2831 ferre
720 2768 873 2848 diximus,
899 2767 1104 2849 digressionis
1119 2765 1336 2852 appellatione
1353 2768 1469 2849 signat.

296 2876 339 2939 Et
362 2898 442 2939 sane
466 2875 527 2939 hae
551 2876 635 2938 duae
661 2877 791 2961 species
815 2873 897 2937 adeo
923 2873 1073 2937 diversae
1097 2895 1163 2936 non
1187 2883 1272 2954 sunt,
1297 2882 1333 2937 ut
1348 2882 1470 2950 essent,
1542 2864 1550 2881 '

298 2985 352 3066 qui
384 2990 439 3068 τὴν
472 2987 657 3074 παρέκβασιν
692 2986 804 3049 ταύτὸν
839 2981 913 3049 εἴναι
947 2984 1098 3072 ὑπέλαβον
1132 2993 1172 3075 τῇ
1203 2986 1424 3071 cupediarios
1435 2978 1471 3062 1);
1502 3022 1523 3050 ,ι

298 3111 435 3174 quorum
464 3090 573 3175 opinio
602 3089 663 3152 hac
692 3088 972 3172 argumentatione
1002 3089 1109 3150 statim
1133 3086 1307 3151 refutatur:
1334 3093 1473 3178 διαφέρει

296 3203 344 3265 δέ’
372 3203 391 3281 ἡ
421 3203 473 3287 μὲν
500 3203 559 3286 γὰρ
587 3201 817 3286 παραδιήγησις,
842 3201 882 3274 ὥς
905 3221 1003 3286 φασιν,
1029 3199 1198 3286 ἐφάπτεταί
1219 3220 1306 3261 τινων
1328 3199 1411 3283 παρὰ
1432 3199 1470 3260 τὸ

295 3315 431 3395 πρᾶγμα,
459 3309 478 3387 ἡ
505 3308 542 3370 δὲ
568 3306 753 3394 παρέκβασις
776 3307 911 3392 ἐκδρομή
936 3305 1001 3368 ἐστι
1023 3306 1124 3390 λόγων
1146 3300 1233 3368 καθ’
1258 3305 1428 3391 ὁμοίωσιν
1451 3305 1470 3384 ἢ

297 3417 418 3502 μίμησιν
441 3423 501 3477 τῶν
524 3415 707 3500 γεγονότων.
748 3407 802 3472 Sic
820 3406 936 3472 Cicero
961 3427 1090 3492 quoque
1115 3405 1353 3491 digressionem
1377 3428 1469 3469 suam

297 3515 459 3580 introduci
488 3514 580 3579 dicit:
615 3515 838 3580 similitudinis
970 3535 1033 3579 αοκ
1060 3513 1182 3578 alienae
1209 3515 1248 3578 ab
1276 3533 1309 3578 eo
1337 3515 1468 3596 nepotio,

296 3644 355 3706 quo
391 3623 428 3688 de
455 3625 672 3706 opiter
699 3642 806 3686 causo.
853 3620 986 3685 Deinde
1020 3619 1109 3705 apud
1142 3641 1217 3684 eum
1251 3619 1372 3683 locutio
1404 3617 1469 3699 illa,

298 3751 361 3815 qua
399 3731 499 3793 utitur
532 3727 722 3792 Alexander
755 3728 909 3791 Numenii
941 3725 1029 3790 filius
1064 3728 1098 3790 in
1132 3725 1337 3810 digressione
1373 3746 1469 3811 repu-

297 3834 458 3921 dianda2)‚
484 3857 530 3899 so.
555 3839 613 3917 ἔξω
636 3847 692 3920 τῆς
716 3834 930 3918 ὑποδέσεως3),
949 3854 1092 3918 -quae
1116 3831 1236 3897 locutio
1260 3833 1393 3917 antiqua
1408 3841 1468 3914 est,

404 4099 424 4168 ¹)
444 4099 605 4168 Anonymus
618 4097 681 4166 Seg.
701 4101 717 4163 ς
736 4097 769 4149 61
789 4097 863 4168 (143
877 4096 922 4167 G).
959 4096 1002 4151 Ne
1015 4095 1200 4161 Quintilianus
1219 4096 1332 4164 quidem
1344 4094 1390 4163 (ei.
1404 4112 1427 4149 e.
1440 4114 1468 4164 g.

295 4187 335 4240 IV
353 4187 426 4256 2,19)
446 4205 540 4241 eornm
560 4186 707 4241 discrimen
726 4187 794 4241 satis
812 4186 952 4255 respicere
970 4185 1090 4239 videtur.

403 4276 425 4344 ²)
444 4292 527 4330 anon.
546 4274 608 4344 Seg.
630 4275 644 4344 ξ
663 4274 698 4328 62
717 4275 814 4346 (14,9):
833 4283 887 4338 πῶς
906 4274 1009 4343 ἐροῦμεν
1027 4279 1059 4329 τὰ
1078 4269 1169 4338 ἔξωθεν
1186 4279 1230 4344 τῆς
1247 4272 1403 4341 ὑποδέσεως

404 4365 424 4428 ³)
444 4363 546 4417 Similis
566 4367 609 4418 est
628 4363 725 4418 dictio:
746 4360 793 4428 ἔξω
806 4367 1014 4433 τοῦπράγματος,
1035 4364 1069 4416 de
1083 4381 1138 4431 qua
1151 4364 1211 4433 agit
1223 4362 1346 4416 Marxius
1365 4381 1393 4430 p.
1406 4361 1468 4430 320,

296 4453 343 4520 qui
362 4452 543 4521 Spengelium
562 4454 596 4505 ad
615 4452 701 4507 Arist.
720 4453 812 4506 reesa
830 4453 865 4505 23
885 4453 1032 4508 collaudat.
