3262 5204
762 438 960 503 -g-

273 636 347 679 cum
364 616 430 678 vim
447 615 518 678 sive
534 613 825 699 Peripateticorum
835 614 859 695 ¹)
885 614 954 678 sive
974 614 1156 679 Stoicorum
1173 613 1261 700 apud
1277 616 1446 681 Romanos

273 720 417 786 olfacere
456 721 536 785 mihi
571 720 719 803 viderer,
761 719 803 785 ad
844 723 954 807 ipsum
992 721 1131 796 fontem,
1171 722 1259 786 unde
1303 745 1363 786 sua
1401 722 1446 785 illi

272 828 471 911 hausissent,
501 849 552 891 me
581 827 762 912 procedere
795 849 895 912 posse
932 829 1008 913 quia
1044 827 1271 914 desperabam,
1309 828 1447 893 similem

272 934 454 999 doctrinam
477 933 531 998 hic
554 933 620 997 illic
644 943 857 1020 apparentem
878 944 1060 998 monstrare
1088 937 1209 999 invitus
1235 937 1313 998 satis
1336 936 1445 1000 habui.

270 1040 315 1106 At
337 1050 426 1106 recte
450 1041 587 1105 forsitan
611 1040 730 1105 dixerit
753 1043 826 1128 quis
851 1041 948 1105 talem
973 1041 1246 1127 disquisitionem,
1280 1065 1344 1128 qua
1368 1042 1447 1128 quid

271 1171 324 1212 ars
349 1150 498 1230 oratoria,
528 1157 702 1233 antequam
733 1147 775 1212 ad
803 1147 967 1212 Romanos
996 1150 1133 1229 venerit,
1162 1158 1236 1233 post
1261 1149 1445 1212 Aristotelis

270 1257 461 1320 memoriam
485 1253 572 1340 apud
589 1253 736 1320 Graecos
760 1253 900 1318 valuerit
922 1253 1137 1340 philosophos
1163 1257 1356 1336 excutiatur,
1381 1265 1446 1319 tam

271 1384 346 1426 esse
373 1359 533 1427 lubricam
561 1363 725 1446 tantisque
757 1359 1005 1425 difficultatibus
1035 1360 1238 1447 impeditam,
1266 1371 1390 1426 utnon
1414 1365 1447 1426 in

269 1467 389 1546 libello,
420 1468 479 1532 sed
507 1469 540 1532 in
568 1466 661 1546 libro,
690 1490 757 1532 non
780 1490 800 1532 a
822 1469 936 1545 tirone,
968 1468 1027 1532 sed
1056 1468 1098 1532 ab
1128 1471 1287 1533 instructo
1319 1472 1389 1533 viro
1415 1479 1447 1531 et

271 1584 418 1661 spectato
454 1574 655 1638 instituenda
688 1575 737 1639 sit.
789 1574 896 1655 Quam
932 1574 1192 1658 disquisitionem
1231 1574 1445 1639 Strillerus

269 1684 374 1766 magis
414 1682 516 1745 movit
555 1703 653 1766 quam
696 1680 878 1764 absolvit2).
935 1681 1127 1746 Melioribus
1166 1703 1245 1745 vero
1289 1683 1445 1767 auspiciis

269 1786 481 1867 Thielius3)
506 1786 674 1851 doctrinae
691 1787 936 1870 Hermagoreae
959 1810 1065 1874 usque
1090 1788 1132 1852 ad
1156 1788 1190 1852 id
1214 1798 1345 1875 tempus
1366 1790 1445 1852 satis

269 1893 439 1976 obscurae,
465 1893 628 1958 oblivione
653 1893 787 1959 obrutae
811 1893 923 1959 lumen
946 1894 1078 1958 adferre
1103 1894 1234 1961 studuit.

380 1999 474 2080 Quae
502 2023 577 2064 cum
608 2003 653 2064 ita
681 2010 803 2082 essent,
834 2023 895 2085 ego
924 2003 957 2065 in
987 2001 1050 2066 hoc
1079 2000 1271 2087 plerumque
1303 2002 1445 2079 substiti,

271 2116 307 2171 ut
330 2129 449 2192 corpus
475 2106 639 2193 quoddam
662 2117 913 2194 praeceptorum
942 2107 984 2171 ad
1007 2107 1178 2193 vulgarem
1209 2111 1445 2173 institutionem

274 2215 492 2299 spectantium
516 2236 535 2277 a
559 2224 673 2299 quarto
699 2213 831 2279 saeculo
855 2214 898 2278 ad
921 2214 1060 2280 alterum
1085 2224 1117 2279 et
1138 2218 1280 2301 primum
1304 2216 1374 2279 fere
1400 2218 1446 2278 in-

269 2329 397 2404 tegrum
434 2322 597 2405 migrasse
633 2321 849 2386 ostenderem.
901 2319 1013 2406 Atque
1043 2322 1213 2387 Ciceronis
1243 2331 1275 2385 et
1303 2324 1444 2385 auctoris

270 2426 313 2490 ad
336 2426 378 2488 H.
403 2425 504 2490 libros
520 2427 702 2491 rhetoricos
721 2464 759 2474 -
779 2426 830 2491 his
847 2429 934 2490 enim
952 2449 1056 2513 paene
1073 2427 1154 2492 solis
1171 2430 1289 2514 prioris
1306 2427 1443 2492 Latinae

271 2531 454 2619 rhetoricae
487 2535 634 2597 notitiam
668 2532 827 2598 debemus
852 2571 893 2581 —
918 2532 961 2598 ad
988 2534 1214 2617 Anaximenis,
1247 2534 1443 2615 Aristotelis,

271 2638 460 2722 Isocratis4)
480 2648 728 2733 παραγγέλματα
754 2643 949 2726 saepissime
976 2650 1008 2705 et
1034 2643 1152 2706 mirum
1180 2650 1335 2725 quantum
1365 2663 1443 2726 qua-

378 2854 398 2917 1)
417 2852 453 2904 Et
472 2851 642 2906 Aristotelea
665 2852 779 2920 quidem
802 2855 955 2922 praecepta
977 2871 1033 2908 non
1056 2870 1119 2908 raro
1143 2853 1218 2923 apud
1242 2856 1383 2907 auctorem
1408 2853 1443 2904 ad

211 2943 212 2946 ’
270 2941 304 2993 H.
319 2944 348 2994 ot
361 2940 522 2995 Ciceronem
535 2945 694 3009 emergunt3
708 2959 823 3009 quorum
837 2943 926 2995 multa
937 2942 954 2996 J
962 2943 1139 2996 entschius
1154 2941 1322 3013 (Aristotelis
1337 2959 1371 2994 ex
1384 2946 1443 2994 arte

272 3029 411 3082 rhetorica
434 3029 501 3097 quid
524 3029 628 3083 haheat
651 3028 755 3096 Cicero,
780 3029 841 3084 diss.
866 3030 959 3084 Borol.
984 3030 1074 3096 1866),
1101 3031 1234 3084 nonnulla
1263 3033 1292 3082 et
1316 3031 1444 3097 graviora

241 3162 244 3167 .
271 3116 420 3170 Marxius
443 3117 472 3170 in
497 3117 619 3171 editions
644 3121 717 3171 auct.
736 3118 780 3172 ad.
799 3118 833 3170 H.
852 3135 880 3185 p.
901 3118 1024 3186 109‚122,
1036 3117 1110 3184 (156)
1130 3121 1159 3171 et
1178 3119 1442 3185 Angarmannus

269 3207 298 3259 in
324 3206 527 3271 dissertatione,
560 3206 604 3260 cui
631 3207 729 3260 titulus
757 3209 812 3260 est:
840 3205 883 3260 De
902 3206 1053 3260 Aristotele
1071 3207 1215 3260 rhetorum
1234 3209 1354 3271 auctore,
1379 3205 1441 3271 Lip-

270 3295 327 3349 siae
346 3294 416 3347 1904
434 3314 461 3364 p.
479 3296 568 3364 2sqq.
589 3296 770 3363 collegerunt.
808 3295 866 3348 Nec
885 3298 981 3348 tamen
1000 3294 1120 3349 Romani
1138 3295 1182 3348 vel
1201 3312 1296 3348 eorum
1315 3296 1440 3345 auctores

270 3384 449 3438 Aristotelem
478 3385 613 3438 evolvisse
638 3384 785 3452 probabile
815 3369 865 3438 est.
914 3382 1004 3448 Quam
1023 3383 1182 3452 opinionem
1206 3382 1301 3450 utiquo
1325 3380 1440 3433 incredi-

268 3472 354 3527 bilem
381 3490 450 3537 esse‚
478 3490 541 3526 cum
568 3473 624 3527 iam
652 3475 736 3528 antea
764 3473 838 3527 docti
862 3473 913 3527 viri
941 3472 1071 3539 suspicati
1099 3474 1200 3540 essent,
1228 3470 1440 3540 Angermannus

269 3579 380 3631 prorsus
398 3561 537 3630 probavit.

375 3651 396 3717 ²)
417 3650 453 3705 of.
475 3650 559 3704 etiam
579 3650 732 3704 Sudhaus
757 3654 798 3716 (ot
821 3651 1097 3722 Radermachorl:
1122 3648 1278 3704 Philodami
1300 3646 1441 3702 volumina

269 3739 422 3804 rhetorica,
451 3741 689 3808 supplementum,
719 3741 826 3806 Lipsiae
851 3741 933 3808 1895;
961 3742 1000 3794 de
1027 3740 1153 3793 Arnim:
1181 3738 1234 3791 Dio
1263 3755 1317 3791 von
1344 3737 1440 3802 Prusa,

268 3827 364 3881 Berlin
383 3827 453 3881 1898
470 3846 498 3895 p.
517 3828 552 3882 43
565 3846 637 3898 sqq.;
661 3828 772 3883 Kroll:
797 3829 912 3883 Studien
930 3831 998 3883 ttber
1017 3826 1126 3883 Ciceros
1145 3825 1251 3880 Schrift
1269 3827 1302 3879 de
1322 3827 1440 3888 oratore,

268 3916 321 3972 Rh.
340 3917 378 3972 M.
397 3917 440 3979 58,
461 3916 530 3970 1903
549 3935 576 3986 p.
595 3918 648 3971 552
661 3935 721 3987 sqq.

375 4007 397 4078 ⁸)
416 4006 610 4075 Hermagoras,
630 4006 793 4074 Strassburg
812 4006 889 4059 1893.

375 4097 396 4160 ⁴)
415 4093 549 4147 Isocratis
572 4094 697 4148 doctrina
720 4094 892 4148 enucleanda
914 4096 975 4147 erat
997 4093 1102 4162 partim
1121 4113 1155 4148 ex
1173 4095 1304 4163 Dionysio
1323 4094 1385 4147 Hal.
1406 4093 1440 4145 de

268 4182 331 4253 hys.
351 4200 374 4237 c.
395 4184 428 4236 17
441 4198 510 4249 sqq,
534 4182 637 4250 partim
656 4198 690 4235 ex
709 4198 848 4250 anonymo
867 4181 1045 4252 Segueriano,
1069 4188 1101 4238 ut
1123 4185 1285 4237 Marxius:
1310 4182 1440 4236 Berichte

269 4272 294 4325 d.
315 4271 405 4326 Sachs.
426 4269 489 4324 Ges.
509 4271 535 4322 d.
554 4270 637 4324 Wiss.
661 4272 729 4340 phil.
748 4271 812 4324 hist.
833 4270 926 4326 Classe
945 4272 1000 4341 LII,
1026 4272 1103 4336 1900,
1127 4292 1154 4342 p.
1173 4265 1235 4339 314,
1260 4273 1439 4343 Spengelium

267 4369 377 4414 secutus
398 4361 585 4426 demonstrat,
608 4361 713 4429 partim
738 4379 772 4415 ex
795 4360 913 4415 oratoris
936 4361 1021 4430 ipsius
1045 4362 1175 4432 operibus
1199 4362 1247 4429 (cf.
1271 4362 1436 4416 Sheehan:

267 4448 301 4501 ds
320 4448 375 4502 fide
388 4449 456 4502 artis
468 4448 624 4504 rhetoricae
637 4450 754 4504 Isocrati
766 4450 898 4514 tributae,
918 4450 983 4504 diss.
1002 4451 1068 4522 phil.
1083 4452 1171 4506 Bonn.
1188 4452 1276 4516 1901).
1309 4450 1439 4505 Ceterum
