3278 5206
653 430 876 495 „91-

178 611 276 675 etiam
316 612 352 674 in
392 608 485 674 libris
530 608 572 672 de
610 610 676 674 inv.
688 608 710 688 ¹)
758 607 793 671 II
831 607 953 688 59,178
994 610 1200 694 exprimitur:
1247 608 1357 676 Videre

178 723 282 783 aatcm
306 720 340 782 in
365 717 527 783 laudando
550 721 580 780 et
602 720 638 781 in
668 716 876 796 vituperando
906 717 1056 796 oportebit
1082 736 1147 780 aaa
1174 722 1248 793 tam,
1278 738 1359 798 quac

176 828 212 890 ia
234 845 362 906 corpore
389 830 446 889 aat
473 827 509 890 ia
539 826 698 889 extraneis
720 825 813 889 rebus
840 823 985 888 habuerit
1015 826 1052 897 ia,
1082 825 1120 887 de
1147 843 1208 904 aaa
1236 830 1357 906 codar>

177 953 274 1014 qaam
306 952 366 1013 aaa
393 937 490 1012 pacto
518 931 569 996 irie
595 932 687 996 rebus
716 951 795 996 asos
821 932 873 1011 sit,
903 951 1045 1015 quocum
1076 928 1149 993 loco
1178 940 1292 995 auctor
1315 931 1357 995 ad

179 1039 219 1104 H.
242 1037 295 1102 111
324 1037 525 1121 7,13-142)
560 1035 657 1123 plane
694 1038 868 1119 consentit,
903 1038 948 1101 ita
983 1046 1019 1101 ut
1054 1058 1126 1099 eam
1162 1037 1226 1099 iam
1262 1040 1358 1123 primi

179 1144 302 1211 saeculi
336 1146 428 1208 initio
458 1143 624 1229 vulgatam
652 1144 758 1208 fuisse
791 1143 1012 1228 colligendum
1042 1146 1094 1209 sit.
1147 1141 1215 1207 Sed
1242 1144 1357 1210 redeat

178 1252 365 1338 disputatio,
390 1251 478 1316 unde
504 1251 647 1317 deflexit.
966 1248 970 1257 '

282 1375 382 1456 Quod
409 1389 523 1441 auctor
551 1376 594 1440 ad
626 1377 667 1442 H.
700 1386 902 1462 postremum
926 1376 978 1439 III
1007 1377 1084 1448 8,Ῑὸ
1113 1375 1278 1460 perhibet:
1314 1378 1358 1442 ad

179 1503 286 1548 omncs
302 1489 407 1548 autem
430 1504 490 1560 res,
515 1487 551 1549 ia
574 1485 686 1564 quibas
709 1487 837 1549 adimas
859 1486 997 1548 horraeis
1020 1486 1157 1548 mamma
1179 1485 1357 1549 consacra-

178 1595 241 1672 tur,
264 1591 338 1656 oilae
362 1597 511 1670 quattuor
534 1593 660 1655 andrai
682 1594 850 1655 virtutes
875 1597 966 1655 eruat
981 1591 1269 1658 adcommodandae
1284 1601 1357 1668 etc,

51 1779 54 1784 .
156 1695 241 1770 ¹hoc
264 1694 361 1761 valde
392 1718 466 1761 cum
492 1697 697 1761 Anaximene
721 1697 818 1778 83‚17
842 1720 891 1782 sq.
918 1698 1070 1778 concinit,
1103 1699 1227 1761 utiam
1256 1720 1357 1783 supra

178 1801 330 1868 diximus.
378 1804 471 1867 Idem
507 1805 577 1867 fere
613 1802 731 1869 Cicero
766 1805 821 1882 (cf,
856 1806 1005 1890 inprimis
1041 1814 1124 1890 part.
1161 1826 1207 1867 or.
1245 1804 1358 1887 23,82)

179 1908 330 1994 postulat,
354 1912 418 1973 nisi
443 1910 532 1996 quod
554 1933 619 1975 non
643 1911 740 1975 modo
777 1920 930 1996 quattuor
964 1909 1038 1974 illas
1068 1913 1205 1975 virtutes
1236 1912 1356 1995 princi-

181 2015 282 2101 pales,
320 2016 380 2080 sed
414 2016 535 2081 multas
568 2038 698 2102 quoque
728 2015 808 2080 alias
838 2015 1021 2080 laudandas
1053 2039 1129 2080 esse
1155 2016 1241 2081 dicit.
1290 2015 1358 2081 Sed

179 2125 214 2186 in
237 2122 465 2209 partitionibus
502 2145 581 2186 sane
618 2126 767 2188 oratoriis
804 2145 877 2187 eam
914 2123 1106 2195 doctrinam,
1144 2146 1228 2209 quae
1253 2125 1357 2208 magis

182 2230 269 2294 facta
286 2251 384 2315 quam
399 2233 536 2294 virtutes
554 2230 699 2312 curabat,
725 2232 876 2316 quamvis
892 2252 958 2294 non
975 2232 1046 2315 ipse
1064 2241 1231 2315 sequatur,
1249 2242 1356 2294 tamen

180 2333 277 2399 claris
301 2336 412 2400 verbis
438 2360 503 2401 una
527 2360 600 2401 cum
626 2337 727 2402 altera
749 2337 897 2401 doctrina
920 2338 1087 2423 proponit:
1113 2336 1155 2401 cf.
1181 2337 1257 2417 4,12
1283 2385 1290 2398 .
1316 2386 1322 2401 .
1348 2387 1355 2400 .

178 2442 290 2522 quibas
313 2446 348 2507 ia
372 2446 568 2510 orationibus
584 2446 744 2510 delectatio
760 2447 837 2526 ficio
853 2451 908 2526 est,
932 2446 1017 2510 aonii
1032 2449 1107 2509 suot
1122 2445 1251 2510 ordinas
1266 2445 1355 2509 coldo·

180 2549 282 2614 caedi.
330 2551 416 2615 Nam
441 2559 496 2617 aad
519 2558 695 2632 temporam
718 2558 886 2616 servantur
909 2552 1030 2633 aradus
1046 2557 1102 2615 aut
1116 2570 1266 2634 penarum
1290 2552 1354 2616 dio-

179 2658 364 2722 tribatioaes
394 2668 426 2720 et
454 2658 569 2732 2255:
604 2664 660 2722 ard
688 2661 770 2721 caim
799 2665 973 2737 temporam
1004 2659 1178 2722 servandas
1207 2659 1283 2723 ordo
1311 2664 1357 2722 est

178 2764 234 2843 (sc.
258 2764 291 2826 in
316 2764 412 2827 factis
437 2762 630 2844 enodandis)
655 2814 662 2826 .
690 2817 695 2829 .
722 2809 728 2824 .
755 2770 811 2828 aad
826 2765 927 2828 nauita
950 2770 979 2828 ct
1001 2767 1093 2828 varia
1115 2766 1202 2845 facta
1227 2766 1262 2829 ia
1280 2785 1354 2843 pro-

171 2872 251 2950 pria
277 2872 430 2933 virtutum
459 2891 576 2951 pedara
604 2876 677 2934 suat
704 2871 881 2952 diripeada.
929 2868 970 2932 cf.
999 2871 1097 2932 etiam
1126 2879 1210 2934 auct.
1241 2870 1282 2934 ad
1312 2870 1353 2936 H.

177 2975 228 3037 ΙΙΙ
253 2975 342 3044 7,13;
367 2976 481 3041 deinde
504 2982 539 3040 at
562 2997 701 3058 quaeqae
716 2998 812 3058 quove
832 2983 971 3057 tempore
986 2998 1036 3041 rea
1052 2977 1111 3042 erit
1125 2984 1221 3060 qesta,
1247 2978 1357 3043 ordine

176 3083 323 3164 dicamas
359 3088 394 3146 at
429 3083 507 3164 qaid
541 3104 695 3165 quamque
730 3089 794 3148 tate
822 3090 970 3166 caateqaa
1004 3087 1109 3169 operit,
1145 3085 1354 3169 intellegantur.

177 3187 264 3273 Ergo
281 3212 323 3253 ne
339 3189 415 3254 huic
439 3189 572 3275 quidem
596 3191 695 3256 aetati
711 3187 836 3277 duplex
851 3193 984 3276 generis
1009 3192 1176 3277 epidictici
1200 3194 1281 3256 ratio
1306 3194 1354 3256 in-

179 3298 309 3380 cognita
332 3297 403 3363 fuit.

284 3420 370 3483 Tum
393 3422 478 3484 inter
501 3430 669 3485 auctorem
693 3422 734 3485 ad
755 3422 797 3487 H.
824 3432 856 3486 et
879 3423 1120 3485 Anaximenem
1144 3417 1206 3483 hoc
1224 3441 1355 3505 quoque

178 3527 341 3603 convenit,
360 3525 446 3611 quod
463 3522 517 3588 ilie
534 3525 588 3588 III
601 3526 678 3604 &15
694 3525 861 3590 admonet:
878 3548 943 3592 aaa
957 3548 1079 3592 necesse
1095 3548 1158 3591 ease
1178 3547 1235 3591 aas
1251 3547 1356 3592 omncs

176 3633 234 3697 iras
251 3638 361 3714 partas
375 3632 410 3695 ia
426 3630 552 3695 laudem
574 3637 631 3695 aat
653 3633 688 3694 ia
711 3631 972 3710 vituperationem
988 3635 1172 3714 transferre,
1183 3639 1355 3714 propterca

179 3739 261 3818 arrad
283 3759 375 3819 saepe
389 3737 590 3803 coincidunt
606 3738 730 3817 quidem
756 3786 761 3798 .
789 3788 794 3800 .
823 3783 829 3799 .
855 3783 874 3816 .,
899 3735 1123 3799 Anaximenes
1148 3748 1255 3801 autem
1272 3739 1355 3802 haec

178 3842 257 3903 dicit
272 3842 387 3919 83‚20:
415 3889 446 3907 ..
467 3895 473 3908 .
492 3895 499 3907 .
523 3846 635 3933 ἥξομεν
652 3848 698 3911 ἐπὶ
712 3849 766 3928 τὴν
790 3847 907 3934 σοφίαν,
933 3845 995 3908 ἐὰν
1019 3845 1156 3934 ὑπάρχῃ
1174 3896 1180 3910 .
1199 3897 1208 3911 .
1226 3897 1233 3912 .
1252 3898 1259 3913 .
1282 3871 1353 3936 προ-

179 3950 302 4041 θέμενοι
326 3956 381 4033 τὴν
405 3951 552 4037 ἀνδρείαν,
578 3953 638 4016 ἐὰν
661 3951 681 4032 ἦ

286 4052 456 4118 Postremo
470 4053 601 4118 attende
617 4077 741 4142 quaeso
758 4055 790 4118 in
805 4064 943 4140 utroque
956 4055 1115 4140 scriptore
1129 4063 1161 4118 et
1174 4056 1353 4122 viventium

284 4265 305 4334 ¹)
324 4264 359 4320 ci.
377 4264 400 4331 Ι,
420 4263 512 4331 50,94;
532 4263 546 4318 I
565 4265 643 4330 1622
663 4266 725 4332 (aab
744 4267 964 4321 adversariorum
984 4266 1123 4335 persona).

286 4354 306 4417 2)
326 4353 363 4408 cf.
385 4353 522 4423 imprimis
545 4356 561 4426 g
587 4356 620 4407 14
638 4395 645 4408 .
665 4395 671 4407 .
692 4395 698 4408 .
722 4356 752 4409 ia
774 4357 819 4411 iria
846 4357 995 4424 (extraneas
1016 4354 1106 4424 rebus)
1135 4357 1221 4411 animi
1242 4356 1354 4412 ninutas

114 4501 117 4505 ,
178 4445 227 4494 out
244 4442 312 4497 viiia
331 4459 401 4511 quaa
418 4442 529 4510 fuerint,
549 4443 784 4499 considerabimus.
870 4455 872 4458 ’
