3278 5206
716 417 942 482 ...35...

237 594 378 656 sanavit.
419 593 522 659 Cuius
546 594 708 660 medelam
733 605 764 658 ct
789 617 850 679 ego
874 593 1093 682 probaverim,
1120 599 1196 682 quia
1219 601 1253 662 in
1276 600 1417 667 lectione

239 700 358 763 tradita
386 703 572 766 coniunctio
600 709 659 794 γάρ
684 704 769 766 iusta
792 705 918 766 ratione
948 711 1045 768 caret
1091 702 1163 769 Iam
1192 728 1271 771 vero
1295 731 1415 774 sensus

239 807 408 891 enuntiati,
434 831 532 895 quem
554 809 702 874 Marxius
726 811 854 874 restitui
876 809 990 892 voluit,
1014 810 1103 897 apud
1125 821 1294 878 auctorem
1317 814 1360 879 ad
1374 815 1416 882 H.

241 912 259 975 Ι
283 914 337 995 4,7
362 926 395 978 et
412 916 607 981 Ciceronem
630 917 647 980 Ι
672 917 769 999 1623
795 927 827 981 et
849 939 1050 1003 anonymum
1067 917 1180 1004 Sag&
1206 922 1247 985 14
1272 920 1415 1007 (4,1G.)

237 1030 274 1084 et
296 1020 314 1103 ἕ
341 1022 403 1086 162
428 1024 552 1108 (3024)
581 1025 765 1105 revertitur,
795 1025 852 1110 qui
883 1046 996 1089 omnes
1022 1023 1220 1090 docilitatem
1245 1028 1343 1092 ctiam
1366 1028 1415 1093 id·

238 1132 328 1196 circo
352 1132 534 1218 parandam
550 1153 625 1194 esse
649 1132 791 1213 tradunt,
814 1140 851 1195 ut
874 1131 1041 1196 auditores
1065 1141 1205 1197 attentos
1220 1134 1413 1216 reddamus;

236 1259 304 1322 quo
328 1241 400 1326 ipso
425 1260 591 1303 consensu
613 1238 731 1303 Marxii
755 1240 942 1304 coniectura
966 1239 1124 1304 firmatur.

347 1363 387 1428 In
410 1363 623 1431 attentionis
648 1363 890 1450 comparandae
913 1365 1100 1450 praeceptis
1124 1386 1238 1429 omnes
1263 1374 1414 1431 auctores

237 1490 438 1554 magnopere
463 1470 678 1535 concordant:

346 1576 452 1647 Anax.
482 1578 573 1649 66,6:
603 1573 652 1669 ap}
680 1580 731 1646 οὖν
758 1583 792 1646 οὐ
819 1581 940 1658 τούτοις
968 1576 1029 1663 (sc.
1057 1577 1267 1670 προσέχομεν),
1299 1585 1414 1666 ὅτανὴ

238 1689 309 1775 ὑπὲρ
345 1691 514 1775 μεγάλων
541 1690 560 1770 ἢ
589 1689 728 1777 φοβερῶν
753 1689 773 1769 ἢ
802 1697 860 1752 τῶν
889 1691 966 1776 ἡμῖν
1001 1689 1145 1752 οἰκείων
1179 1688 1414 1778 βουλευώμεδας

233 1793 257 1872 ἢ
282 1796 437 1881 φάσκωσιν
461 1796 554 1859 ἐπιδει
574 1819 615 1859 ειν
639 1795 667 1859 οἱ
690 1797 834 1881 λέγοντες
858 1799 897 1871 ὡς
919 1797 1026 1859 δίκαια
1048 1797 1100 1860 καὶ
1122 1799 1206 1860 καλὰ
1226 1799 1278 1860 καὶ
1300 1802 1414 1886 συμφέ-

239 1922 333 1985 ροντα
357 1907 417 1961 etc.
453 1895 614 1982 (similiter
649 1896 723 1982 80‚6
751 1898 785 1961 in
819 1919 941 1983 genere
977 1896 1161 1983 epidictico,
1190 1897 1246 1962 ubi
1270 1899 1414 1964 additur:

234 2007 290 2070 καὶ
313 2009 347 2070 ἐκ
362 2016 418 2073 τοῦ
435 2009 639 2094 θαυμαστὰ
655 2011 707 2072 καὶ
721 2009 854 2097 διαφανῆ
871 2011 996 2097 φάσκειν
1018 2026 1064 2069 sc.
1082 2013 1223 2069 attentos
1239 2005 1414 2089 faciemus3

235 2109 280 2173 cf.
307 2111 404 2173 etiam
430 2110 538 2193 1002)
556 2147 598 2157 —
615 2112 715 2175 Arist.
735 2109 847 2174 1415b
872 2112 888 2173 1
915 2109 960 2193 (et
986 2108 1055 2196 15):
1078 2118 1272 2202 προσεκτικοὶ
1293 2117 1330 2180 δὲ
1352 2122 1416 2192 τοῖς

234 2223 431 2307 μεγάλοις,
454 2229 519 2298 τοῖς
541 2222 670 2298 ἰδίοις,
694 2228 760 2298 τοῖς
783 2222 1041 2307 θαυμαστοῖς,
1070 2228 1135 2298 τοῖς
1155 2224 1272 2303 ἡδέσιν·
1295 2224 1344 2286 διὸ
1367 2225 1417 2286 δεῖ

241 2328 370 2413 ἐμποιεῖν
398 2334 439 2404 ὡς
464 2330 530 2415 περὶ
557 2328 706 2418 τοιούτων
738 2330 753 2392 ὁ
781 2330 876 2414 λόγος
902 2361 939 2371 -
967 2323 1105 2410 Dionys.
1132 2324 1172 2388 de
1196 2324 1273 2410 Lys.
1300 2324 1413 2402 35,22ι

235 2435 287 2498 δεῖ
310 2437 365 2498 τὸν
391 2438 609 2522 προσεκτικοὺς
636 2438 792 2522 μέλλοντα
818 2441 912 2500 ποιεῖν
939 2438 1012 2511 τοὺς
1040 2435 1196 2522 ἀκροατὰς
1225 2437 1279 2500 καὶ
1311 2438 1413 2520 λέγειν

234 2541 449 2628 θαυμαστὰ
472 2544 523 2606 καὶ
545 2541 708 2629 παράδοξα
731 2535 786 2621 (cf.
811 2537 934 2622 salo).

344 2654 429 2708 auct.
459 2644 501 2708 ad
530 2645 571 2710 H.
596 2644 612 2707 Ι
637 2645 706 2725 4‚7:
738 2650 871 2710 attentos
906 2645 1099 2726 habebimus,
1135 2647 1165 2710 si
1193 2645 1414 2726 pollicebimur

235 2770 295 2813 uos
319 2752 470 2817 derebus
497 2754 659 2834 uuquts,
688 2751 808 2832 uocis,
837 2753 1042 2816 inusitatis
1068 2753 1160 2817 ruba
1188 2754 1331 2834 facturos
1358 2758 1415 2817 out

233 2859 281 2921 de
302 2858 353 2953 iis
375 2861 500 2940 rebus,
528 2880 621 2940 quur
646 2910 652 2922 .
680 2908 687 2922 .
715 2910 720 2922 .
748 2909 754 2923 .
773 2860 998 2940 pertiueuut
1138 2859 1185 2923 od
1208 2878 1269 2924 eos
1292 2860 1410 2940 ipsos,
1447 2932 1451 2939 ¹

232 2965 300 3045 qui
334 2966 492 3030 audierit
515 2964 691 3047 (simillime
721 2963 790 3031 Cic.
819 2964 835 3027 I
861 2962 981 3049 16‚23).
1030 2963 1098 3030 Cic.
1128 2974 1210 3050 part.
1241 2986 1287 3027 or.
1319 2963 1410 3042 8,30:

227 3076 271 3134 >ut
293 3076 409 3137 atteute
431 3079 536 3137 autem
560 3072 743 3153 erudiamur,
773 3073 871 3136 trium
899 3092 1005 3136 rerum
1038 3071 1148 3152 aliquo
1176 3085 1409 3152 consequemur:

227 3197 310 3240 uum
345 3183 401 3242 aut
435 3201 573 3262 urupuu
612 3180 767 3260 quaedum
798 3198 1011 3260 proponemus
1049 3182 1105 3242 aut
1143 3180 1319 3243 uecessoriu
1354 3182 1411 3242 uut

227 3286 400 3349 couiuurtu
423 3306 493 3350 curu
517 3288 604 3366 ipsis,
635 3287 723 3366 opud
746 3305 822 3368 quos
844 3305 894 3349 res
918 3290 1037 3367 upetur.

342 3406 467 3472 Similia
483 3412 581 3473 etiam
598 3432 782 3493 anonymus
796 3408 871 3493 Seg.
889 3410 1050 3472 ministrat
1066 3407 1084 3493 ξ
1103 3407 1145 3472 15
1162 3405 1342 3491 (4,13-14
1355 3406 1409 3492 G),

233 3515 291 3599 qui
325 3517 398 3601 ipse
419 3539 563 3607 ¹quoque
598 3518 684 3579 sicut
717 3515 941 3579 Anaximenes
978 3512 1146 3601 complura
1180 3514 1273 3577 affert
1303 3521 1411 3582 τελικὰ

225 3627 397 3712 κεφάλαια.

341 3746 564 3811 Anaximenes
587 3768 666 3810 vero
691 3745 813 3832 (aare,
839 3746 881 3810 cf.
906 3744 1031 3828 5520),
1056 3753 1170 3808 auctor
1193 3744 1235 3808 ad
1259 3743 1301 3810 H.
1324 3742 1344 3808 l.
1369 3767 1408 3826 c.‚

234 3853 415 3939 Dionysius
439 3853 538 3933 3524
562 3851 690 3917 addunt
712 3852 849 3938 iudices
873 3861 909 3916 ut
931 3860 1052 3915 attente
1076 3850 1219 3933 audiant,
1243 3850 1409 3935 rogandos

233 3981 320 4041 esse,
346 3982 420 4023 cum
446 3958 563 4024 Cicero
586 3959 603 4022 Ι
625 3959 723 4040 16,23
740 3967 773 4022 et
789 3979 971 4044 anonymus
988 3956 1062 4042 Sag.
1079 3957 1156 4038 4,14
1172 3979 1232 4021 nos
1248 3967 1409 4038 moneant,

234 4075 269 4128 ut
292 4064 516 4151 polliceamur,
541 4086 599 4130 uos
616 4067 700 4130 breui
715 4070 856 4129 uostruur
874 4085 1004 4132 causum
1025 4063 1303 4128 demonstraturos.
1342 4063 1409 4126 De-

234 4173 333 4257 nique
356 4172 552 4236 Aristoteles
579 4171 691 4236 1415a
714 4171 757 4235 38
787 4180 819 4234 et
842 4193 1025 4256 anonymus
1054 4170 1130 4254 seg.
1155 4170 1231 4251 4‚12
1258 4170 1323 4232 iam
1348 4168 1409 4233 sub

229 4280 421 4344 attentionis
434 4280 621 4365 praeceptis
632 4285 670 4347 τὸ
684 4284 796 4364 ἐπιεικῆ
810 4276 958 4362 (ἔνδοξον)
970 4282 1132 4370 φαίνεσθαι
1143 4285 1408 4341 commemorant.

340 4403 462 4486 Restat,
487 4413 522 4467 ut
546 4404 587 4467 de
610 4402 865 4470 benevolentia
888 4424 1024 4486 agamus
1049 4423 1147 4487 quam
1175 4399 1244 4465 Oia.
1269 4399 1286 4462 Ι
1312 4399 1408 4483 1622

1195 4503 1227 4556 3*
