3278 5206
713 425 935 490 ..19-

231 602 312 664 tiam
342 614 456 687 quarto
483 623 616 689 quoque
635 597 778 668 'saeculo
805 602 948 669 valuisse
977 613 1010 668 et
1038 626 1080 668 ex
1108 603 1244 670 Platone
1254 607 1276 690 ¹)
1310 617 1412 673 etex

234 711 472 794 Anaximene2)
497 723 591 775 etex
606 709 783 775 Aristotele
791 709 818 795 ³)
841 719 940 796 patet.
980 710 1090 799 Atque
1112 714 1246 777 omnino
1269 723 1304 778 et
1329 714 1409 779 defi-

232 817 313 880 nitio
339 826 372 880 et
393 817 469 881 finis
491 819 571 881 artis
593 817 756 882 oratoriae
771 817 861 903 apud
876 819 1074 883 vetustiores
1095 820 1216 884 atium
1230 821 1410 907 scriptores

231 924 277 987 ad
293 924 558 1009 persuadendum
576 923 790 989 accomodata
805 924 941 1008 erant4).
987 925 1115 990 Eodem
1134 924 1268 991 alterius
1285 925 1411 992 amuli

235 1033 418 1103 communis
436 1033 544 1117 opinio
568 1029 732 1104 tendehat,
756 1031 886 1094 tametsi
903 1028 1004 1096 Stoici
1027 1053 1146 1097 novam
1171 1031 1408 1098 definitionem:

231 1141 378 1228 ῥητορική
407 1143 490 1207 emt
522 1143 671 1228 ἐπισιήμη
699 1149 753 1206 τοῦ
788 1139 821 1205 οὔ
856 1143 957 1229 λέγειν
991 1139 1193 1204 invenerant.
1249 1139 1349 1219 Quod
1377 1149 1410 1204 et

232 1267 278 1307 cx
300 1245 513 1330 Hermagora,
544 1246 655 1330 quiin
688 1243 852 1308 rhetorica
887 1244 1106 1309 describenda
1137 1267 1239 1332 prope
1269 1246 1312 1310 ad
1333 1245 1409 1311 Ari·
1524 1314 1526 1318 .

233 1349 386 1415 stotelem
422 1352 579 1435 ast-edita
616 1360 649 1416 et
676 1375 718 1417 cx
751 1360 886 1415 auctore
920 1350 963 1415 ad
998 1353 1039 1417 H.
1064 1355 1099 1416 et
1127 1351 1288 1418 Cicerone
1312 1352 1409 1418 facile

233 1456 442 1542 intellegitur,
466 1480 605 1544 quorum
629 1467 776 1544 uterque,
801 1458 929 1521 etiamsi
948 1457 1149 1544 peculiarem
1164 1462 1244 1525 artis
1261 1459 1409 1547 descrip-

231 1565 356 1627 tionem
382 1587 448 1630 non
476 1565 673 1651 praebeatssl,
708 1565 806 1629 finem
841 1566 913 1630 eius
941 1567 976 1628 in
1004 1567 1227 1646 persuadendo
1263 1568 1407 1643 dimiono,

231 1669 380 1735 officinm
402 1673 594 1736 oratoriam
617 1672 757 1736 dicendo
780 1673 922 1754 apposite
945 1672 987 1736 ad
1007 1675 1243 1751 parassem
1263 1672 1348 1757 (Cic.
1367 1673 1408 1737 de
1509 1715 1514 1722 -

231 1778 299 1842 inv.
313 1777 406 1864 Ι5,6)
423 1777 478 1843 vel
493 1800 564 1844 caat
575 1781 761 1846 adsensione
776 1780 960 1844 auditorum
975 1777 1076 1862 (auct.
1088 1778 1131 1842 ad
1142 1779 1184 1844 Η.
1198 1779 1214 1842 Ι
1226 1780 1292 1864 23)
1305 1781 1407 1865 ponit.

340 1904 442 1968 Porro
466 1906 657 1990 partitiones
683 1925 813 1990 quoque
835 1901 1012 1968 nonnullae
1036 1903 1078 1967 ad
1101 1912 1200 1968 totam
1224 1903 1407 1969 rhetoricae

232 2012 402 2074 materiam
436 2013 638 2097 pertinentes
674 2014 739 2074 iam
767 2012 802 2074 in
830 2012 936 2095 quarti
964 2008 1089 2074 saeculi
1118 2019 1186 2074 arte
1211 2019 1341 2075 exstant
1363 2047 1402 2058 -

230 2138 431 2203 quamquam
461 2117 597 2182 dubium
625 2139 691 2182 non
719 2126 777 2199 est,
815 2118 892 2203 quin
915 2114 991 2180 illae
1014 2118 1228 2203 captiosiores
1252 2127 1286 2181 et
1307 2116 1408 2181 subti-

233 2221 331 2287 liores
367 2225 557 2302 divisiones,
595 2225 714 2311 quibus
749 2223 913 2288 inferioris
946 2225 1022 2287 aevi
1056 2222 1220 2287 rhetorica
1254 2223 1408 2304 abundat,

231 2352 385 2415 magnam
409 2341 536 2417 partem
558 2355 578 2396 e
595 2330 780 2396 Stoicorum
802 2329 880 2394 ludo
896 2329 940 2414 (v.
958 2351 1058 2414 supra
1072 2353 1103 2416 p.
1120 2331 1167 2413 71)
1190 2332 1224 2394 in
1240 2329 1409 2416 vulgarem

234 2438 470 2502 institutionem
498 2438 767 2524 subrepserintil.
814 2437 882 2505 Sed
910 2454 989 2501 ecce
1018 2439 1088 2501 eius
1116 2438 1308 2522 partitionis,
1345 2459 1410 2523 qua

229 2545 378 2630 quinque
407 2544 462 2610 illa
488 2546 657 2610 oratoris
689 2542 829 2609 officia
857 2545 1065 2608 continentur
1097 2543 1154 2626 (cf.
1183 2548 1271 2608 auct.
1301 2544 1343 2608 ad
1366 2545 1408 2610 H.

234 2650 251 2712 I
275 2651 344 2734 233
382 2650 451 2716 Oic.
476 2653 493 2717 I
518 2651 595 2738 7,9),
632 2653 794 2739 principia
816 2661 850 2715 et
872 2649 1071 2716 incunabula
1092 2648 1164 2716 fere
1186 2651 1275 2735 apud
1298 2661 1408 2716 vetus-

229 2759 378 2821 tissimos
409 2759 593 2824 rhetoricae
621 2767 854 2844 praeceptores
879 2766 1047 2843 apparent,
1082 2765 1194 2842 utpote
1216 2759 1274 2842 qui
1296 2759 1409 2822 inven-

229 2866 354 2928 tionem
388 2875 422 2930 et
456 2865 671 2930 elocutionem
706 2864 953 2948 seiunxerintfl).
1000 2862 1092 2928 Plato
1128 2872 1238 2928 autem
1266 2863 1408 2931 Phaedr.

340 3114 360 3183 ¹)
382 3114 466 3182 Gorg.
485 3113 578 3178 452&
598 3112 844 3182 (Phaedr261Al.
868 3112 902 3167 cf.
916 3112 1033 3179 Rasder,
1053 3111 1168 3166 Platone
1180 3110 1408 3180 philosophische

231 3201 434 3272 Entwicklung,
453 3201 564 3272 Lipsiae
583 3201 653 3254 1905
671 3220 698 3270 p.
718 3200 856 3264 aea-61,
875 3201 936 3254 273.

340 3291 361 3361 ²)
381 3290 539 3345 Volkmann
558 3309 585 3359 p.
605 3291 630 3342 4.

340 3379 360 3443 Β)
380 3378 537 3433 Volkmann
557 3398 585 3448 p.
603 3378 629 3433 8.

338 3469 360 3533 ⁴)
379 3469 480 3522 Sextus
498 3468 576 3536 Emp.
597 3469 661 3522 adv.
680 3469 753 3521 rhet.
772 3472 788 3534 ᾗ
807 3467 895 3520 (tr-2
922 3468 1051 3522 rhetores
1079 3470 1108 3521 et
1129 3467 1309 3536 philosophos
1338 3482 1409 3519 enu-

231 3558 323 3609 merat
334 3555 401 3608 inde
420 3574 437 3609 a
448 3556 566 3611 Platone
585 3574 673 3624 usquc
693 3556 729 3609 ad
742 3555 951 3625 Hermogenem,
971 3555 1018 3622 qui
1035 3557 1126 3609 artem
1145 3555 1299 3610 oratoriam
1316 3555 1407 3608 totam

119 3699 123 3706 ,
228 3643 260 3696 in
278 3645 475 3712 persuadendo
494 3645 645 3714 posuerint.

335 3734 360 3800 ὖ)
379 3733 537 3788 Volkmann
555 3753 583 3803 p.
603 3735 649 3798 11;
670 3733 768 3788 Thiele
786 3752 814 3803 p.
833 3733 876 3787 23.

338 3823 360 3886 6)
379 3822 578 3877 Definitionem
590 3823 680 3892 ipsam
691 3840 748 3876 non
761 3823 820 3877 sins
829 3823 915 3877 certis
927 3821 1018 3876 causis
1031 3820 1161 3876 omissam
1169 3837 1232 3875 esse
1240 3819 1407 3890 Spengslius

229 3912 251 3964 l.
271 3927 293 3964 c.
313 3930 340 3980 p.
359 3911 412 3965 482
432 3911 542 3966 conicit.

338 4002 360 4066 ⁷)
379 4000 414 4053 In
438 4001 522 4055 variis
549 4001 748 4070 partitionibus
776 4001 854 4054 novis
883 4000 1004 4069 antiquis
1031 3999 1197 4054 adhibendis
1221 4001 1251 4052 et
1268 3997 1407 4065 congluti-

230 4089 332 4142 nandia
355 4092 499 4144 auctorem
522 4091 559 4144 ad
587 4091 621 4143 H.
648 4093 679 4143 et
706 4090 869 4145 Ciceronem
889 4106 977 4159 saepe
1004 4088 1197 4144 confusionem
1225 4086 1349 4141 effecisse
1378 4089 1408 4139 et

230 4178 365 4232 librorum
389 4179 624 4249 compositionem
647 4178 775 4248 quamvis
804 4178 894 4248 primo
923 4179 1024 4234 obtutu
1050 4179 1225 4234 commodam
1251 4174 1406 4244 perdidisse

227 4266 399 4321 'Thieliusz
426 4267 611 4333 Quaestionoe
628 4269 666 4322 de
681 4268 812 4323 Cornifiei
829 4272 861 4323 et
879 4267 1018 4323 Ciceronis
1035 4267 1145 4322 artibus
1162 4265 1316 4332 rhetoricis,
1342 4263 1406 4318 diss.

226 4353 336 4425 (tryph.
356 4356 426 4410 1889
443 4375 472 4425 p.
488 4357 526 4410 96
539 4375 598 4426 sqq.
618 4358 701 4411 acute
720 4358 891 4428 comprobat.

339 4447 359 4514 ⁸)
380 4445 501 4516 Spengel
520 4465 548 4515 p.
567 4446 633 4509 485;
653 4446 810 4500 Volkmann
828 4466 856 4516 p.
876 4446 923 4509 283
943 4445 1053 4501 Sitiller
1071 4464 1099 4514 p.
1118 4446 1161 4499 34.

1193 4535 1226 4586 2*
