3278 5206
747 385 966 451 ,88-

270 572 372 634 καλῶν
395 569 454 633 ἀπὸ
477 564 613 650 ταύτης),
637 571 678 632 τὰ
700 559 731 632 δ’
756 570 919 655 ἐγκώμια
945 577 1006 631 τῶν
1035 566 1149 654 ἔργων
1177 569 1290 654 ὁμοίως
1312 570 1364 633 καὶ
1386 577 1449 632 τῶν

271 684 452 763 σωματικῶν
478 677 530 740 καὶ
552 684 613 739 τῶν
637 677 780 762 ψυχικῶν,
813 672 970 757 sequitur,
1003 679 1039 734 ut
1062 668 1257 734 Aristoteles
1281 672 1445 755 geminam

270 779 400 864 generis
426 777 592 863 epidictici
616 777 796 842 doctrinam
820 778 1009 861 agnoverit·
1038 776 1140 861 Atqui
1157 798 1231 840 cum
1252 775 1336 861 lego,
1362 800 1446 863 quae

269 887 303 948 in
327 884 400 949 Eth.
423 885 493 948 Nic.
519 884 631 949 1101b
649 884 691 948 34
715 894 791 969 post
814 889 934 952 ἐπαίνου
960 892 991 946 et
1015 888 1167 973 ἐγκωμίου
1193 882 1446 970 descriptionem

271 991 505 1076 adiunguntur:
541 989 625 1059 ἀλλὰ
653 1002 753 1058 ταῦτα
782 997 834 1081 μὲν
866 993 940 1070 ἴσως
968 995 1147 1080 οἰκειότερον
1176 994 1354 1083 ἐξακριβοῦν
1382 1004 1448 1072 τοῖς

269 1104 396 1189 περὶτὰ
419 1103 555 1189 ἐγκώμια
570 1105 790 1189 πεπονημένοις,
814 1094 924 1160 facere
940 1118 1005 1160 non
1023 1117 1169 1182 possum,
1195 1098 1272 1182 quin
1299 1099 1452 1183 suspicer

270 1203 357 1268 illam
370 1203 622 1278 distinctionem,
637 1225 721 1290 quae
740 1225 819 1268 sane
841 1202 929 1288 apud
945 1201 1157 1266 Aristotelem
1175 1224 1249 1267 oum
1261 1203 1332 1268 eius
1342 1203 1447 1294 philog

271 1310 387 1396 sophia
412 1332 560 1375 connexa
583 1321 634 1374 est
642 1308 679 1392 1),
697 1332 738 1374 ne
754 1310 939 1374 rhetoribus
962 1310 1095 1395 quidem
1114 1308 1200 1386 illius
1217 1312 1332 1373 aetatis
1349 1310 1448 1397 plane

262 1415 413 1501 ‘ignotam
436 1408 550 1499 fuisse,
569 1438 766 1503 quamquam
783 1415 847 1480 alia
863 1417 933 1479 eius
957 1417 1098 1501 vestigia
1118 1437 1221 1502 prope
1246 1415 1446 1501 deficiunt2).

376 1524 472 1589 Nunc
495 1523 627 1587 tandem
652 1522 781 1607 singula
807 1525 939 1608 generis
967 1521 1125 1586 laudativi
1152 1533 1329 1609 praecepta
1357 1525 1446 1610 apud

270 1629 436 1715 Latinos³)
472 1629 591 1716 hadita
626 1652 700 1693 cum
738 1628 941 1694 Graecorum
983 1629 1169 1716 praeceptis
1206 1652 1445 1716 comparemus.

270 1737 402 1801 Initium
438 1746 545 1801 autem
582 1737 768 1822 disputandi
804 1745 918 1800 auctor
947 1737 990 1800 ad
1018 1737 1059 1801 H.
1090 1736 1243 1818 1117‚13
1273 1745 1305 1800 et
1328 1736 1447 1802 Cicero

271 1841 459 1928 (Antonius)
494 1843 535 1906 de
568 1853 646 1908 orat.
673 1843 714 1930 ,ΙΙ
740 1844 850 1925 11,46;
885 1842 1025 1925 84,342;
1054 1852 1135 1928 part.
1166 1864 1211 1907 or.
1237 1843 1335 1925 22,74
1353 1866 1402 1929 sq.
1427 1866 1448 1907 a

271 1973 414 2036 gene-re
450 1949 575 2014 faciunt
607 1949 756 2016 Graecos
780 1960 926 2036 'prorsus
956 1952 1070 2014 secuti.
1123 1949 1231 2029 Quam
1264 1971 1444 2034 congruen-

272 2058 350 2120 tiam
373 2058 486 2138 nescio
510 2079 551 2121 an
576 2058 658 2143 quis·
674 2057 793 2121 dixerit
817 2058 861 2120 ita
885 2079 903 2120 e
926 2079 1037 2120 rerum
1060 2065 1176 2120 natura
1200 2057 1303 2138 nasci,
1327 2065 1444 2121 utnon

273 2164 371 2248 digna
395 2165 445 2241 sit,
471 2187 568 2249 quam
591 2185 789 2249 premamus
838 2163 905 2228 Sed
929 2163 1005 2227 olim
1029 2163 1167 2227 Romani
1195 2162 1294 2227 alium
1318 2185 1444 2227 morem

273 2269 501 2356 sequebantur.
532 2271 574 2335 cf.
598 2269 668 2335 Pol.
693 2270 740 2335 VI
764 2269 820 2334 54:
858 2275 934 2361 ὅγε
956 2277 1056 2361 λέγων
1084 2276 1154 2361 ὑπὲρ
1183 2282 1239 2338 τοῦ
1268 2274 1446 2338 θάπτεσθαι

273 2384 448 2468 μέλλοντος,
473 2382 524 2445 ἐὰν
547 2381 658 2470 διέλθῃ
680 2383 734 2444 τὸν
756 2380 822 2468 περὶ
843 2381 953 2445 τούτου
976 2383 1081 2466 λόγον,
1107 2379 1233 2467 ἄρχεται
1255 2390 1317 2445 τῶν
1342 2380 1444 2446 ἄλλων

272 2487 330 2551 ἀπὸ
354 2495 410 2552 τοῦ
433 2490 676 2574 τρογενεστάτου
699 2496 760 2552 τῶν
787 2490 944 2573 παρόντων
973 2481 1015 2566 (h.
1041 2505 1068 2547 e.
1094 2485 1253 2546 maiorum
1280 2504 1340 2569 per
1367 2485 1444 2547 ima-

271 2593 365 2677 gines
401 2592 661 2676 personaturum)
695 2597 747 2659 καὶ
773 2597 858 2681 λέγει
883 2598 940 2672 τὰς
971 2596 1121 2682 ἐπιτυχίας
1152 2593 1283 2659 ἑκάστου
1309 2596 1362 2659 καὶ
1389 2600 1447 2671 τὰς

271 2702 399 2789 πράξεις.
445 2699 498 2761 Ex
521 2697 583 2762 hoc
606 2699 705 2782 igitur
731 2699 916 2761 testimonio
945 2699 1141 2783 gravissimo
1170 2698 1334 2761 Romanos
1363 2698 1444 2760 anti-

273 2806 346 2890 quis
377 2802 576 2891 temporibus
605 2813 680 2890 post
702 2805 807 2890 ipsius
832 2803 963 2868 demum
987 2804 1104 2869 mortui
1127 2803 1348 2868 laudationem
1372 2825 1444 2889 pro·

273 2933 408 2975 avorum
431 2912 624 2975 memoriam
648 2912 864 2974 arcessivisse
887 2909 1057 2976 discimus
1096 2911 1213 2975 Nonne
1230 2918 1366 2995 apparet
1388 2931 1446 2974 no-

276 3040 347 3080 vam
376 3016 556 3080 doctrinam
587 3017 719 3080 saeculo
747 3018 861 3103 primo
882 3019 1047 3100 usitatam,
1084 3039 1148 3102 qua
1183 3018 1360 3081 orationem
1390 3016 1446 3080 de·

272 3125 520 3186 monstrativam
557 3146 576 3187 a
610 3124 769 3188 maiorum
806 3122 903 3188 laude
934 3123 1198 3206 exordiebantur,
1232 3146 1274 3186 ex
1302 3123 1445 3188 Graecia

273 3228 462 3292 translatam
487 3228 612 3313 cesebi
636 3229 775 3294 Accedit
792 3230 879 3315 quod
897 3233 992 3294 etiam
1009 3232 1041 3293 in
1059 3229 1196 3315 singulis
1217 3230 1317 3295 rebus
1334 3239 1449 3294 auctor

382 3422 402 3490 ¹)
422 3421 458 3476 ef.
477 3422 586 3476 Walter
605 3441 631 3491 p.
650 3421 703 3476 503
716 3441 775 3492 sqq.
1371 3480 1373 3485 ι

382 3511 402 3575 ²)
421 3511 481 3564 Nec
491 3513 565 3579 apud
577 3510 793 3580 Xenophontem
806 3530 859 3566 nec
872 3515 944 3582 apud
954 3513 1106 3567 Isocratem
1120 3513 1184 3581 (nisi
1194 3512 1269 3566 forte
1282 3513 1386 3580 Paneg.
1398 3512 1447 3582 bl)

275 3598 434 3653 differentia
453 3598 575 3669 ἐγκώμιον
593 3601 667 3655 inter
687 3604 716 3655 et
734 3596 833 3658 ἔπαινον
857 3602 1035 3657 intercedens
1055 3601 1274 3672 deprehenditur
1297 3601 1343 3667 (cf.
1363 3601 1445 3654 Shee·

273 3688 330 3742 ban
350 3707 377 3757 p.
399 3689 452 3754 15).
482 3689 571 3744 Immo
590 3691 643 3745 hoc
659 3691 720 3761 ipso
740 3692 774 3745 de
793 3707 848 3759 quo
862 3692 1067 3746 consideramus
1086 3692 1145 3744 loco
1164 3694 1262 3759 postea
1279 3707 1336 3743 non
1354 3691 1446 3743 obser-

274 3780 363 3830 vatur.
388 3776 463 3830 Nam
474 3777 566 3832 iaetu
577 3779 620 3849 36,
628 3780 692 3848 alb
702 3797 768 3833 sane
777 3781 830 3832 duo
841 3779 889 3832 illa
898 3780 1032 3833 vocabula
1041 3796 1090 3848 pro
1100 3778 1261 3849 synonymis
1270 3783 1447 3848 usurpantur.

382 3867 402 3934 ’γ
422 3866 609 3921 Praefandum
627 3871 672 3921 est
694 3871 837 3922 auctorem
856 3868 892 3920 ad
910 3868 944 3920 H.
969 3868 1003 3921 de
1022 3867 1273 3937 vituperationibus
1295 3865 1449 3935 peculiaria

274 3958 427 4024 praecepta
444 3957 564 4027 tradere,
584 3974 646 4010 cum
665 3956 712 4010 alii
730 3957 759 4010 in
778 3957 811 4010 iis
835 3957 975 4011 contraria
1000 3960 1085 4026 atque
1104 3957 1132 4010 in
1155 3956 1360 4011 laudationibus
1383 3975 1448 4026 pro·

274 4043 392 4098 ferenda
411 4062 469 4098 esse
488 4048 630 4100 moneant.
668 4045 704 4099 ef.
724 4047 812 4099 Anax.
831 4046 955 4114 sae-8,
974 4045 1225 4113 Arist.1368a36;
1245 4046 1300 4099 Cic.
1321 4047 1356 4100 de
1376 4052 1445 4102 orat

274 4133 304 4186 II
324 4133 403 4194 11,46
423 4135 512 4204 (Kroll
532 4154 558 4203 p.
578 4134 849 4203 573²r;1185‚349;
869 4138 951 4204 (part.
971 4153 1010 4189 or.
1029 4135 1125 4203 23,80).

381 4225 402 4293 ⁴)
423 4224 512 4277 Aliter
530 4223 692 4291 antiquioris
712 4226 741 4277 et
758 4223 923 4290 recentioris
942 4225 1104 4293 disciplinae
1124 4224 1341 4293 discrepantiam
1360 4225 1448 4279 Voll-

275 4326 399 4368 merus:
418 4311 514 4367 Jahrb.
534 4312 579 4366 fiir
596 4313 678 4366 klass.
691 4313 769 4378 Phil,
784 4313 972 4381 Supplement.
992 4313 1178 4383 xv111,1892
1197 4333 1222 4383 p.
1236 4314 1288 4366 477
1307 4314 1446 4384 explicare

274 4402 379 4454 studet.
417 4401 465 4455 Cui
485 4401 558 4454 hunc
577 4401 668 4470 ipsum
686 4402 794 4471 Polybii
814 4402 904 4456 locum
925 4403 1021 4456 debeo.
