3278 5206
706 420 928 535 ...371-

226 632 323 713 dicit:
360 670 402 713 ex
438 650 588 734 personis
625 657 733 713 autem
770 657 824 712 aut
849 651 967 713 uostris
998 657 1054 712 aut
1082 649 1325 729 disceptatorum
1356 659 1412 712 aut

228 757 495 834 aduersariorum,
525 764 560 820 ut
594 757 693 821 auctor
718 754 897 837 audiamur,
928 776 970 818 ex
997 753 1108 835 rebus,
1139 763 1175 818 ut
1198 763 1338 819 attentos
1363 755 1410 818 fa·

229 865 355 926 ciamus
380 863 547 926 auditores
572 882 696 948 eoaque
728 861 905 926 doceamus
915 861 939 946 ¹)
963 861 1140 945 (Heinicke
1169 884 1199 946 p.
1230 861 1297 945 72).
1343 861 1410 926 Sed

229 969 372 1053 agedum
396 966 525 1053 singula
549 967 718 1034 adeamus.

568 1147 596 1210 1.
622 1145 670 1210 ab
695 1155 828 1210 nostra
851 1146 1065 1232 persona2).

340 1288 380 1352 In
408 1288 470 1352 hac
499 1297 591 1374 parte
619 1288 653 1352 id
681 1288 885 1374 potissimum
911 1288 1157 1374 praescribitur,
1182 1297 1217 1351 ut
1241 1298 1348 1353 orator
1372 1311 1408 1352 se

231 1397 305 1481 ipse
328 1394 453 1459 laudet:

337 1501 446 1566 Anax.
471 1502 587 1586 abac:
623 1508 673 1570 aa
697 1509 744 1570 aa
762 1509 875 1582 αὑτοὺς
903 1507 938 1568 ἐκ
964 1507 1081 1570 τούτων
1116 1507 1250 1583 ἐπαινεῖν,
1275 1503 1316 1570 ὧν
1350 1509 1408 1592 μά-

228 1615 324 1677 λιστα
348 1617 473 1700 μέτεστι
494 1619 560 1689 τοῖς
583 1613 755 1690 ἀκούουσιν,
783 1616 865 1700 λέγω
889 1616 926 1677 δὲ
946 1615 1153 1702 φιλόπολιν,
1176 1617 1407 1701 φιλέταιρον,

229 1721 416 1807 εὐχάριστον,
441 1722 602 1807 ἐλεήμονα,
625 1723 829 1784 τὰτοιαῦτα.

337 1832 422 1887 auct.
459 1822 499 1885 ad
537 1822 577 1887 H.
606 1823 622 1884 I
651 1822 720 1903 5,8:
745 1845 774 1887 a.
800 1845 831 1887 u.
851 1844 887 1903 p.
916 1822 1155 1888 benevolentiam
1178 1823 1407 1904 contraherem,

228 1932 259 1994 si
280 1936 423 1994 uostruu
447 1930 592 2011 osticium
617 1980 649 1993 ..
669 1981 675 1992 .
695 1978 701 1991 .
727 1928 932 1994 laudabimus
948 1934 1041 2010 atquc
1060 1931 1101 1994 u'a
1121 1930 1408 2010 rempublicam

228 2036 337 2116 quates
360 2038 517 2118 fuerimus
539 2041 596 2100 aut
618 2037 653 2100 tu
671 2041 823 2116 parentes
845 2041 902 2100 aut
923 2039 959 2101 iu
983 2037 1124 2101 uuicos
1147 2042 1204 2099 aut
1226 2039 1262 2100 iu
1282 2055 1333 2101 eos
1353 2038 1408 2117 qui

228 2142 369 2206 audiunt
392 2138 446 2179 ***
469 2143 592 2223 aliquid
614 2144 794 2224 referemus.

338 2246 405 2312 Cic.
430 2248 445 2310 Ι
473 2248 584 2330 16,22;
616 2250 645 2312 si
678 2250 717 2313 de
751 2250 869 2314 uostris
895 2250 993 2331 factis
1027 2255 1057 2313 ct
1083 2250 1202 2331 officum
1223 2251 1291 2313 u'uc
1313 2250 1406 2314 adro·

227 2357 341 2438 pontia
365 2356 511 2420 dicemus.
552 2355 654 2418 Vides
676 2355 763 2440 apud
780 2353 975 2420 Ciceronem
993 2357 1197 2437 sententiam,
1223 2377 1288 2419 non
1305 2353 1407 2418 verba

231 2482 424 2544 congruere,
462 2464 616 2547 quoniam
652 2462 747 2525 etiam
777 2462 841 2526 hoc
868 2460 942 2526 loco
970 2471 1006 2526 ut
1034 2461 1105 2525 aliis
1135 2461 1406 2527 consuetudinem

158 2587 162 2595 ’
230 2568 268 2630 ἰιι
288 2569 478 2632 universum
502 2566 657 2653 loquendi
681 2577 713 2632 et
736 2567 866 2653 singula
890 2567 1191 2654 comprehendendi
1213 2569 1403 2654 nequitum).

231 2731 444 2742 unm-*fian*-

337 2799 357 2866 1)
378 2797 419 2850 Ι)ο
432 2796 537 2865 ordine,
556 2812 610 2864 quo
623 2798 756 2864 quattuor
769 2796 833 2850 illae
847 2800 941 2864 partes
954 2797 1132 2863 collocantur,
1144 2796 1199 2850 hoa
1212 2797 1404 2849 adnotandum

228 2888 273 2938 est
294 2886 458 2954 piarumque
486 2885 636 2955 scriptores
660 2885 839 2939 anaximenis
864 2885 965 2939 seriem
983 2887 1145 2940 observare:
1166 2887 1190 2939 1.
1208 2885 1242 2938 ab
1261 2887 1359 2938 nostra
1377 2885 1403 2939 2.

227 2974 263 3027 ab
284 2974 507 3028 adversariorum
525 2975 550 3028 3.
570 2975 605 3029 ab
625 2974 748 3028 iudicum
766 2975 812 3028 vel
830 2973 986 3029 auditorum
1004 2991 1124 3043 persona
1136 2975 1161 3031 4.
1181 2993 1198 3028 a
1209 2992 1248 3038 re,
1261 2973 1316 3026 nisi
1328 2974 1401 3041 quod

229 3060 394 3116 Aristoteles
413 3064 437 3130 1,
457 3062 482 3131 3,
501 3063 526 3129 4,
546 3064 571 3128 2,
592 3058 687 3118 Cicero
706 3063 832 3132 (Antan.)
851 3060 886 3117 de
905 3067 975 3118 orat
995 3068 1025 3117 et
1041 3079 1194 3133 anonymus
1214 3062 1276 3132 Sag.
1295 3063 1323 3115 in
1343 3063 1404 3131 ipsa

227 3151 398 3205 tractatione
417 3150 441 3219 1,
461 3153 486 3218 2,
505 3153 531 3222 4,
550 3153 575 3221 3,
595 3151 690 3206 Cicero
710 3156 781 3221 part.
800 3155 870 3206 orat.
890 3155 915 3223 1,
933 3153 958 3222 3,
978 3153 1003 3220 2,
1023 3149 1039 3205 4
1058 3152 1197 3206 ordinant.

336 3240 357 3310 ²)
377 3240 517 3308 Miramur,
538 3243 611 3309 qnod
629 3258 720 3310 neque
740 3243 814 3312 apud
827 3241 988 3297 Ciceronem
1006 3260 1097 3311 neque
1116 3242 1191 3311 apud
1209 3245 1349 3296 auctorem
1368 3243 1402 3295 ad

143 3365 146 3371 ι
228 3327 263 3380 H.
283 3329 395 3396 patroni
413 3347 532 3399 persona
550 3331 682 3400 tangitur.
714 3331 786 3385 Nam
802 3331 831 3383 in
846 3349 897 3384 usu
910 3330 1015 3385 forensi
1026 3331 1139 3385 Latinos
1158 3333 1280 3385 oratores
1293 3330 1402 3399 saepius

230 3433 248 3469 a
272 3417 321 3482 sui,
345 3417 363 3470 i.
384 3433 408 3472 e.
435 3420 548 3487 patroni
570 3420 700 3472 laudibus
718 3421 763 3474 vel
788 3419 950 3474 condicione
973 3419 1116 3473 exordium
1140 3419 1257 3486 duxisse,
1277 3416 1403 3473 Rohdius

229 3524 257 3574 p.
278 3507 384 3560 10-14
407 3508 500 3561 multis
529 3508 663 3576 exemplis
687 3506 875 3561 Ciceronianis
900 3508 1012 3561 evincit.
1051 3507 1104 3572 Qui
1125 3510 1221 3561 tamen
1243 3507 1285 3561 vir
1304 3507 1402 3562 doctus

231 3595 285 3650 Cic.
312 3597 347 3650 de
374 3596 430 3651 inv.
458 3597 471 3650 I
499 3597 578 3664 maa
603 3599 648 3667 (z
673 3600 745 3650 auct.
766 3597 802 3649 ad
829 3596 865 3650 Η,
891 3597 977 3663 luti)
1005 3593 1077 3650 falso
1100 3597 1312 3665 interpretatur,
1339 3612 1401 3650 oum

228 3686 280 3738 sub
299 3692 393 3740 nostra
407 3699 527 3754 pascua
545 3687 579 3739 da
598 3688 717 3755 patrono
737 3685 782 3754 agi
800 3685 964 3754 suspicatur.
1001 3684 1091 3739 Immo
1114 3686 1188 3738 inter
1206 3689 1355 3754 patronum
1375 3688 1404 3738 at

229 3792 308 3827 reum
335 3792 390 3828 non
418 3775 592 3839 discernitur,
621 3777 652 3831 ut
680 3774 878 3827 Preiswerlrius
904 3791 931 3843 p.
951 3773 1022 3828 8-—9
1049 3774 1182 3843 cognovit
1209 3777 1239 3827 et
1265 3774 1402 3842 probavit.

228 3861 302 3926 Quin
322 3864 407 3918 etiam
426 3867 579 3932 praecepta
596 3863 658 3932 ipsa
677 3863 704 3916 ll.
724 3879 764 3917 cc.
784 3863 889 3916 tradita
907 3862 996 3932 magis
1015 3862 1050 3916 ad
1068 3877 1147 3917 reum
1167 3862 1321 3933 (clientem)
1340 3881 1403 3932 per·

227 3952 319 4006 tinere
341 3956 418 4020 puto.
460 3954 552 4021 Atque
581 3953 616 4006 de
644 3955 713 4007 orat.
739 3952 774 4020 ΙΙ,
794 3953 889 4014 taam
914 3952 1027 4021 quidem
1051 3951 1145 4008 Cicero
1168 3954 1293 4019 (Autan.)
1322 3941 1403 4007 claris

229 4042 324 4094 verbis
342 4057 375 4094 ea
392 4057 437 4095 reo
456 4041 604 4095 sententiaa
621 4041 685 4095 dact
702 4041 730 4094 in
749 4041 891 4110 prooemio
911 4041 1056 4095 contendit
1074 4049 1151 4109 (reos,
1170 4039 1268 4110 inquit,
1286 4042 1402 4110 appello,

226 4146 340 4197 auorum
367 4145 412 4184 rea
434 4136 493 4200 ert).
529 4131 590 4184 Iam
612 4147 678 4185 vero
700 4131 899 4185 Preiswarkius
922 4133 1046 4200 eoquod
1068 4132 1181 4201 patruni
1199 4144 1251 4185 nec
1270 4133 1402 4186 volanae

229 4217 379 4285 vestigium
397 4219 442 4289 ait,
462 4219 600 4274 Graecum
618 4221 762 4274 auctorem
780 4220 861 4288 prodi
879 4220 1035 4274 rectissime
1046 4223 1154 4288 monet;
1168 4221 1204 4274 ad
1218 4234 1301 4289 quam
1312 4223 1401 4274 totam

227 4306 305 4359 iliam
323 4308 589 4377 quadripartionem‚
614 4325 756 4378 „quaeque
776 4327 831 4363 una
850 4321 913 4363 cum
932 4326 965 4363 ea
983 4310 1138 4379 legentum,
1157 4311 1314 4364 revocanda
1332 4326 1401 4364 aeae.

227 4395 308 4459 Quod
327 4397 440 4465 quidem
462 4397 669 4468 comparatione
693 4396 777 4467 supra
800 4398 915 4452 anobis
936 4399 1067 4453 instituta
1085 4414 1200 4469 promus
1219 4399 1401 4454 confirmatur

338 4485 359 4552 ³)
379 4485 416 4539 cf.
434 4487 538 4558 Thiale,
558 4492 664 4557 quaeat.
683 4507 710 4557 p.
730 4489 772 4542 15.
