3278 5206
754 459 974 523 „70-

276 646 335 703 est.
382 637 451 702 Neo
479 639 513 701 in
540 635 612 700 aliis
641 638 772 722 scriptis
802 673 844 682 —
874 634 916 701 of.
947 635 987 700 de
1017 645 1096 700 orat.
1126 635 1238 716 1181,
1264 635 1328 701 333
1342 659 1389 722 sq.
1422 645 1455 701 et

276 755 359 831 part.
389 768 434 809 or.
464 745 517 822 24,
542 743 585 807 83
599 766 648 828 sq.
677 742 755 828 (top.
786 743 840 824 23,
865 743 918 827 89)
949 778 992 789 -
1020 741 1116 827 plane
1146 741 1241 806 aliam
1273 743 1451 806 doctrinam

276 850 414 939 praebet
425 850 456 936 ¹).
504 850 710 934 Quamquam
740 851 773 912 in
800 846 892 913 libris
923 849 963 913 de
988 859 1126 933 oratore,
1156 859 1326 914 uteorum
1351 849 1453 914 indoli

277 957 463 1045 respondet,
499 957 591 1042 larga
620 954 675 1020 illa
705 956 845 1041 partium
879 971 911 1019 et
940 955 1173 1042 particularum
1206 957 1454 1019 enumeratione

277 1063 402 1146 relicta,
426 1065 686 1145 tractationem2)
709 1064 833 1147 ipsam,
852 1084 948 1147 quam
972 1063 1006 1124 in
1029 1061 1214 1126 Rhetoricis
1238 1084 1373 1147 prorsus
1398 1083 1453 1125 ne-

276 1169 434 1256 glexerat,
464 1191 648 1256 proponere
676 1179 707 1231 et
731 1168 887 1253 expedire
913 1171 992 1232 satis
1016 1167 1138 1232 habuit.
1177 1168 1304 1232 Rursus
1320 1171 1355 1232 in
1370 1177 1452 1252 part.

277 1301 321 1342 or.
352 1279 405 1360 24,
430 1277 473 1343 83
487 1297 558 1362 sqq.
591 1285 623 1340 et
653 1274 813 1339 bonorum
844 1276 1044 1339 enumeratio
1078 1274 1115 1338 fit
1144 1285 1175 1339 et
1198 1277 1297 1338 totius
1321 1277 1452 1359 generis

277 1386 425 1449 tractatio
450 1384 596 1448 docetur.

383 1491 537 1575 Denique
571 1497 707 1552 auctor
739 1488 786 1551 ad
817 1488 870 1560 H..
901 1490 963 1552 etsi
992 1486 1164 1552 utilitatem
1196 1487 1300 1552 solam
1328 1489 1368 1551 iis
1399 1489 1454 1571 qui

278 1599 466 1662 scatentium
493 1597 597 1660 dicent
621 1594 684 1672 (111
708 1595 738 1670 2,
764 1593 799 1679 3)
828 1595 1047 1680 expetendam
1076 1616 1151 1658 esse
1184 1593 1335 1674 affirmat,
1365 1591 1454 1657 illam

278 1704 383 1788 ipsam
407 1706 441 1767 in
465 1701 547 1765 duas
571 1710 682 1787 partes
707 1699 842 1764 dirimit:
870 1702 897 1765 1.
923 1701 1280 1792 Ιιιίαιιι11.ο.χρήσιμον
1305 1709 1336 1764 et
1360 1704 1452 1791 ἀναγ-

278 1820 374 1888 ιιαῖον,
400 1811 448 1872 sic
464 1806 650 1872 Volkmann
675 1830 705 1893 p.
725 1806 814 1892 301),
839 1808 869 1871 2.
887 1808 1058 1887 honestam,
1084 1828 1182 1892 quam
1201 1807 1338 1892 perinde
1355 1815 1453 1892 atque

279 1914 395 1981 Cicero
424 1917 458 1979 in
487 1913 580 1979 libris
614 1914 655 1978 de
686 1915 875 1978 inventione
906 1915 940 1977 in
969 1923 1121 1998 quattuor
1144 1915 1281 1977 virtutes
1305 1916 1452 1999 partitur,

279 2042 361 2106 quas
391 2030 508 2107 postea
531 2020 718 2106 diligentius
743 2019 1025 2106 percensebimus.
1073 2019 1139 2083 Sed
1163 2042 1251 2085 nuno
1275 2023 1340 2084 iarn
1365 2042 1453 2084 corn-

277 2149 420 2192 memoro
444 2130 478 2191 in
501 2129 657 2192 virtutum
680 2148 817 2190 numero
840 2128 996 2191 iustitiam
1020 2149 1085 2190 non
1115 2127 1243 2208 deesse,
1265 2129 1309 2191 ita
1325 2137 1360 2191 ut
1376 2149 1453 2191 auc-

276 2243 380 2299 torem
404 2256 536 2321 quoque
560 2233 602 2297 ad
625 2234 666 2297 H.
690 2240 727 2302 τὸ
751 2239 869 2302 δίκαιον
885 2255 950 2297 non
967 2231 1155 2298 deseruisse
1171 2235 1384 2319 perspicuum
1401 2236 1452 2297 sit.

384 2342 530 2426 Apparet
560 2342 658 2425 igitur
688 2342 785 2404 etiam
817 2341 1018 2404 recentiores
1037 2341 1167 2404 ¹artium
1200 2342 1377 2426 scriptores
1411 2348 1454 2407 τὰ

276 2455 385 2516 eattae
408 2453 563 2539 κεφάλαια
587 2449 666 2511 satis
689 2449 880 2533 respexisse
903 2484 947 2493 —
971 2447 1060 2532 quod
1083 2447 1214 2532 quidem
1238 2449 1312 2533 ipsa
1342 2469 1453 2510 rerum

278 2562 394 2617 natura
417 2552 585 2638 flagitabat
610 2590 660 2628 -‚
685 2574 749 2617 nec
772 2562 881 2617 tamen
905 2555 940 2616 in
955 2553 1170 2618 Anaximenis
1187 2553 1321 2618 modurn
1337 2554 1452 2618 adiun-

279 2661 380 2742 xisse,
405 2658 466 2723 sed
488 2661 596 2744 potius
621 2659 711 2724 aliud
735 2658 788 2724 alii
814 2661 1040 2746 supposuisse.

386 2783 483 2864 Quod
507 2807 585 2849 vero
610 2782 652 2848 ad
676 2783 947 2849 deliberationum
963 2787 1190 2850 tractationem
1206 2788 1312 2871 ipsam
1327 2786 1451 2867 attinet,

277 2890 471 2955 Aristotcles
501 2900 533 2954 et
556 2891 779 2956 Anaximenes
807 2914 874 2956 non
905 2891 1011 2956 solum
1044 2892 1182 2957 similem
1214 2895 1254 2957 iis
1283 2893 1451 2956 materiam

278 2997 483 3078 sabiniana),
509 2997 682 3089 sedetiam
700 3020 738 3063 eo
756 3009 949 3084 congruunt,
974 2999 1063 3085 quod
1080 2999 1161 3062 duas
1179 2998 1453 3064 consultationum

279 3104 409 3187 species
446 3112 604 3168 statuunt:
632 3126 748 3186 unam,
782 3105 815 3168 in
850 3127 915 3191 qua
950 3107 1032 3190 ipsis
1067 3104 1167 3168 rebus
1202 3105 1287 3169 fides
1323 3104 1455 3168 additur

268 3208 332 3305 'vel
356 3210 505 3289 demitur,
531 3208 675 3289 alteram,
699 3212 734 3275 in
758 3233 823 3297 qua
847 3234 903 3276 eas
926 3210 1035 3290 utileS,
1060 3213 1163 3304 iustas
1188 3220 1248 3275 eto.
1273 3232 1347 3274 esse
1365 3232 1453 3274 com·

281 3316 437 3402 probatur
468 3315 522 3380 vel
554 3317 742 3402 denegatur.
790 3316 839 3384 Of.
869 3317 976 3382 Anax.
1002 3319 1054 3400 74,
1080 3319 1161 3403 lsq.
1170 3368 1178 3400 ,
1202 3318 1246 3382 24
1257 3341 1323 3404 sq.;
1351 3316 1451 3381 Arist.

282 3422 443 3488 1417b34
457 3445 505 3508 sq.
554 3423 647 3503 Quae
678 3423 825 3489 doctrina
858 3427 936 3510 quin
963 3423 1006 3488 ad
1029 3433 1132 3488 status
1156 3424 1266 3508 faciat,
1303 3447 1368 3489 non
1394 3424 1453 3488 du·

277 3527 368 3593 bium
392 3541 452 3594 est.
493 3530 590 3610 Quod
614 3541 722 3595 autem
738 3530 962 3595 Anaximenes
985 3532 1020 3593 in
1042 3533 1151 3616 priore
1169 3533 1279 3617 specie
1301 3532 1355 3612 74,
1374 3529 1451 3614 7sq.

277 3642 392 3716 πίστεις
415 3641 606 3717 οἰκειοτάτοις
627 3649 695 3717 ταῖς
717 3644 916 3729 δημηγορίαις
938 3658 1097 3721 usurpare
1121 3637 1221 3714 iubet,
1253 3647 1289 3702 ut
1310 3643 1452 3729 πραγμά-

387 3848 409 3915 ι)
422 3846 458 3902 cf.
478 3847 613 3902 Heinicke
631 3867 659 3917 p.
678 3847 721 3901 68.

285 3944 289 3951 “
385 3936 405 4000 ²)
425 3935 581 4006 separatim
600 3937 615 4008 ἓ
634 3935 695 4005 339,
714 3936 762 3990 ubi
781 3935 919 3990 Antonius
938 3953 1010 4005 quae
1028 3936 1183 3991 medicinae
1202 3937 1378 3991 adhibendae
1397 3938 1454 3990 sint

278 4018 382 4092 populo
407 4025 553 4079 adversam
579 4025 808 4080 acclamationem
832 4025 934 4080 edente
959 4025 1082 4095 exponit,
1107 4042 1170 4079 oum
1187 4027 1276 4080 Anax.
1296 4044 1319 4080 c.
1340 4026 1383 4094 18,
1406 4026 1454 4080 ubi

277 4116 464 4182 προκατάληψις
483 4115 657 4181 describitur,
677 4116 846 4169 contendere
865 4132 921 4169 non
941 4131 956 4169 e
974 4133 1004 4169 re
1024 4115 1085 4168 erit.
1118 4115 1153 4169 of.
1174 4114 1259 4169 etiam
1271 4116 1360 4170 Anax.
1374 4133 1396 4170 c.
1412 4116 1453 4181 18,

277 4221 304 4271 p.
319 4202 361 4271 53,
374 4203 422 4256 23:
442 4199 486 4259 ἐὰν
505 4204 534 4260 δὲ
552 4204 579 4259 τὸ
598 4207 693 4274 πλῆθος
710 4202 804 4277 topatiis,
891 4211 975 4274 σαυτῷ
995 4199 1164 4274 tristatos
1185 4207 1214 4258 et
1228 4204 1313 4264 Arist.
1328 4204 1453 4258 1408b2:

278 4292 338 4355 ἄκος
357 4293 386 4348 δὲ
399 4334 404 4345 .
419 4335 425 4347 .
440 4335 445 4347 .
460 4293 486 4348 τὸ
507 4294 683 4360 θρυλούμενον·
704 4297 746 4348 δεῖ
759 4296 805 4361 γὰρ
824 4292 898 4347 αὐτὸν
916 4294 983 4360 αὑτῷ
1002 4292 1294 4361 προσεπιπλήττεινς
1322 4293 1454 4361 adquam

279 4381 436 4436 Aristotelis
455 4383 544 4435 locum
564 4379 599 4434 cf.
620 4381 704 4448 Diels,
724 4382 755 4434 A.
774 4382 807 4434 A.
828 4380 858 4434 B.
879 4381 957 4450 1886,
976 4400 1004 4450 p.
1024 4381 1065 4434 26,

386 4470 406 4536 ³)
426 4470 460 4525 cl.
481 4470 640 4524 Wendland
658 4489 686 4540 p.
707 4471 750 4525 65.
