3278 5206
608 377 923 486 ¹-se-

228 602 270 668 ad
294 602 337 667 Η.
363 600 527 666 Graecam
562 600 797 664 inst‘tutionem
832 601 948 664 imitari
984 599 1125 681 videtur,
1161 623 1234 665 cum
1263 607 1404 689 primum

226 710 397 796 praecipit,
423 706 566 793 quidde
591 729 640 789 eo,
668 707 723 792 qui
748 706 833 772 bono
856 729 988 792 genere,
1013 717 1081 771 tum
1106 708 1250 793 quidde
1275 733 1324 793 eo,
1349 716 1405 799 qui

227 815 343 883 humili
378 815 451 879 loco
485 822 582 878 natus
618 815 660 876 sit
694 813 759 882 dici
794 822 950 899 oporteat.
1000 813 1156 880 Similiter
1180 815 1297 882 Cicero
1321 831 1403 904 part.

228 947 274 991 or.
300 924 398 1003 2254
429 922 550 987 bonum
580 942 686 1005 genus
715 920 857 985 breviter
885 921 1079 1007 modiceque
1106 921 1251 1000 laudare,
1283 925 1405 990 infame

228 1032 497 1117 praetermittere,
522 1027 646 1091 humile
667 1036 776 1092 autem
793 1027 848 1092 vel
861 1030 1040 1112 praeterire
1057 1029 1147 1094 iubet
1162 1028 1216 1093 vel
1231 1033 1273 1096 ad
1289 1054 1405 1115 copen-

228 1139 302 1205 dom
326 1142 393 1203 eius
416 1158 506 1217 quem
523 1136 631 1200 laudes
646 1136 781 1218 pluriam
797 1141 934 1219 taupere.
974 1136 1046 1200 Hoc
1068 1146 1291 1222 praeceptum,
1316 1139 1405 1224 quod

228 1254 429 1332 postremum
458 1242 535 1325 dixi,
561 1242 649 1328 quod
677 1241 766 1328 apud
799 1252 964 1306 auctorem
999 1243 1042 1306 ad
1076 1244 1119 1308 H.
1155 1242 1208 1307 ΙΙΙ
1244 1245 1318 1325 7,13
1351 1246 1406 1311 vel

230 1351 468 1437 significantius
493 1352 542 1414 sic
570 1348 703 1434 legitur:
738 1351 768 1414 si
795 1350 909 1414 bamili
936 1371 1045 1432 pestere
1073 1352 1182 1432 (cotos
1208 1353 1273 1436 sit),
1300 1355 1406 1435 ipsam

228 1461 264 1524 iu
286 1461 364 1540 sois,
388 1479 452 1523 coa
475 1459 511 1523 iu
534 1459 692 1521 asatorum
715 1458 887 1521 virtutibus
911 1458 1057 1522 babuisse
1073 1460 1281 1540 praesidium,
1307 1482 1405 1545 quam

228 1567 370 1629 maxime
395 1563 544 1630 Graecae
568 1565 763 1628 institutioni
786 1563 1007 1648 respondet¹).

335 1671 467 1736 Deinde
491 1680 603 1735 auctor
631 1670 674 1733 ad
696 1670 739 1734 H.
765 1691 801 1732 se
831 1669 958 1734 confert
984 1670 1027 1734 ad
1057 1671 1261 1735 educationis
1289 1681 1405 1737 tracta·

228 1781 360 1844 tionem.
410 1777 484 1858 Qua
510 1788 646 1863 peracta
673 1777 823 1863 1117,14
853 1777 894 1841 de
923 1780 1070 1863 corporis
1100 1778 1280 1842 commodis
1304 1776 1407 1845 verba

228 1884 316 1967 facit,
340 1894 410 1950 tum
432 1885 518 1949 redit
541 1885 584 1949 ad
607 1893 780 1957 extraneas
796 1887 884 1968 res2)
902 1882 954 1970 (cf.
973 1907 1073 1971 supra
1090 1909 1121 1970 p.
1140 1886 1181 1949 74
1194 1885 1267 1971 sq.).
1307 1887 1406 1952 Hunc

229 1993 386 2075 ordinem,
412 1994 639 2078 quamprimo
664 2000 845 2077 conspectu
874 1993 953 2055 satis
982 1991 1126 2056 alienum
1153 1992 1405 2068 iudicabisut-

228 2110 304 2185 pote
329 2122 393 2185 quo
418 2100 620 2163 enumeratio
644 2108 852 2162 externorum
878 2097 1036 2163 bonorum
1053 2096 1109 2183 (cf.
1127 2097 1181 2162 III
1198 2099 1290 2183 6,10)
1306 2102 1405 2164 inter·

229 2215 408 2292 rumpatur,
434 2205 585 2290 equidem
610 2205 718 2270 denuo
743 2207 791 2269 sic
808 2204 1055 2287 declaraverim,
1080 2215 1115 2269 ut
1139 2228 1213 2270 eum
1230 2228 1249 2269 a
1266 2205 1405 2272 Graecis

231 2321 397 2398 sumptum
426 2334 500 2376 esse
530 2312 735 2377 contendam.
786 2311 897 2376 Veluti
932 2311 1157 2376 Anaximenes
1193 2312 1291 2394 80,13
1320 2313 1405 2379 hanc

231 2421 350 2484 seriem
385 2433 446 2488 τῶν
481 2423 539 2501 ἔξω
573 2431 629 2505 τῆς
657 2424 767 2511 ἀρετῆς
796 2418 946 2505 praebet:
983 2424 1128 2511 εὐγένεια,
1158 2424 1252 2512 ῥώμη,
1279 2427 1404 2502 κάλλος,

230 2535 369 2609 πλοῦτος.
417 2526 456 2590 Iu
479 2528 650 2612 utriusque
675 2524 827 2590 videlicet
856 2528 998 2591 auctoris
1024 2526 1237 2612 dispositione
1261 2530 1342 2592 ratio
1366 2551 1407 2592 ea
1523 2571 1525 2575 >

230 2645 290 2717 est,
314 2644 349 2698 ut
364 2637 504 2721 primum
520 2641 561 2701 τὰ
577 2638 663 2726 φύσει
686 2633 834 2724 ἀγαῦάῧ),
859 2633 899 2696 ad
918 2655 1003 2718 quae
1020 2643 1051 2696 et
1066 2655 1173 2717 genus
1198 2642 1230 2696 et
1254 2633 1405 2699 educatio
1470 2690 1474 2697 .

230 2751 262 2805 et
286 2743 432 2827 corporis
461 2739 548 2803 bona
571 2741 765 2824 pertineant,
795 2738 913 2802 deinde
946 2760 1004 2802 eae
1027 2761 1082 2802 res
1107 2748 1293 2819 extraneae,
1318 2762 1401 2825 quas

230 2845 293 2927 ille,
320 2847 360 2910 de
385 2867 448 2930 quo
473 2847 589 2929 agitur,
614 2843 808 2930 plerumque
833 2846 903 2929 ipse
929 2844 991 2908 sibi
1015 2846 1180 2930 paraverit
1203 2854 1237 2908 ut
1261 2845 1404 2926 divitiae,

229 2963 419 3039 potestates,
455 2951 579 3036 gloriae
615 2960 675 3015 etc.
713 2952 896 3015 afferantur.
949 2950 1023 3031 Qua
1058 2951 1272 3037 dispositione
1308 2952 1406 3017 simul

230 3070 413 3144 temporum
449 3058 553 3123 ordini
588 3056 809 3139 consulitur4).
863 3057 1014 3122 Ceterum
1051 3058 1185 3122 dubium
1214 3082 1280 3125 non
1310 3060 1403 3144 estl),

231 3169 310 3253 quin
333 3164 459 3250 reliqua
483 3165 669 3230 dissertatio
687 3165 728 3229 ad
744 3164 853 3245 robur,
878 3165 1140 3250 pulcritudinem,
1165 3165 1295 3230 divitias
1313 3190 1405 3253 spec·

229 3284 302 3338 tans
327 3276 360 3337 in
384 3272 589 3337 Anaximene
617 3271 736 3337 lacuna
768 3272 925 3337 devorata
953 3274 1005 3354 sit,
1042 3295 1140 3358 quam
1163 3272 1404 3337 Wendlandius

231 3405 260 3466 p.
286 3379 328 3445 55
353 3402 395 3443 ex
418 3389 551 3444 auctore
576 3379 617 3444 ad
641 3379 681 3444 Η.
707 3378 904 3465 explendam
929 3402 1004 3443 esse
1029 3381 1156 3444 conicit.
1396 3372 1398 3376 ⁸

338 3487 657 3569 Educationemss)
670 3495 789 3568 autem,
801 3487 894 3549 cuius
906 3485 1038 3568 quidem
1049 3487 1270 3550 Anaximenes
1283 3508 1348 3550 non
1359 3485 1406 3550 di-

340 3647 360 3711 ¹)
380 3644 414 3698 cf.
434 3644 595 3698 Wendland
613 3663 640 3713 p.
660 3643 775 3698 55-56.
813 3641 865 3707 Qui
887 3641 930 3694 vir
949 3642 1123 3696 doctissimus
1146 3644 1235 3712 ipsam
1253 3644 1326 3697 hunc
1345 3661 1407 3698 sen·

231 3735 351 3788 tentiam
374 3733 540 3802 Cynicorum
564 3750 625 3786 esse
649 3733 732 3786 docet
754 3751 782 3801 p.
799 3732 859 3790 55⁸.
897 3731 988 3784 Libris
1012 3731 1051 3784 ibi
1070 3731 1163 3785 citatis
1187 3732 1276 3787 adicio
1296 3732 1406 3787 Arnim:

233 3824 285 3877 Dio
306 3842 362 3877 von
381 3823 475 3890 Prusa,
495 3841 522 3890 p.
542 3822 590 3889 40;
610 3822 807 3876 Mutschmann
825 3840 851 3891 p.
872 3820 971 3883 XXXI,
993 3820 1025 3872 12
1039 3837 1077 3888 sq.

340 3913 359 3978 ²)
379 3911 458 3965 Inter
478 3927 546 3978 quas
565 3911 669 3979 civitas,
690 3928 773 3979 quam
793 3910 835 3963 111
855 3909 917 3963 610
937 3910 1119 3978 enumeravit,
1139 3909 1323 3964 desideratur.

340 4002 360 4069 ³)
378 4000 413 4054 cf.
423 4001 509 4053 Arist.
520 3999 611 4053 13870.
624 3999 666 4068 15,
680 4001 728 4068 qui
742 4000 794 4053 hoc
804 4000 916 4052 nomine
926 3998 1048 4068 εὐγένειαν
1059 4004 1088 4053 et
1097 4001 1188 4062 κάλλος
1204 3990 1407 4067 complectitur.

339 4093 360 4158 ⁴)
380 4090 484 4144 Contra
503 4089 596 4143 Cicero
615 4092 686 4157 part.
707 4106 746 4143 or.
766 4089 847 4157 22,74
867 4089 969 4153 (obiter
988 4090 1023 4142 de
1042 4093 1112 4143 orat.
1130 4089 1160 4141 II
1178 4088 1268 4158 11,46)
1287 4088 1408 4158 primum

231 4197 275 4234 res
295 4182 434 4247 externas,
455 4179 556 4233 deinde
576 4177 699 4247 corporis
717 4178 792 4231 bona
810 4177 973 4247 perlustrari
991 4179 1061 4231 vult,

339 4270 360 4337 Β)
381 4269 440 4323 Hoc
459 4267 595 4336 Sauppius
613 4266 719 4335 primus
738 4267 875 4335 cognovit.
964 4264 966 4269 ’

340 4359 361 4428 ⁸)
381 4358 415 4412 cf.
435 4360 507 4411 auct.
527 4357 562 4413 ad
580 4358 614 4410 H.
634 4355 772 4424 1117,13;
792 4356 845 4410 Cic.
865 4360 937 4425 part.
957 4374 995 4410 or.
1015 4357 1102 4427 23,82.
1140 4357 1338 4411 Educationem
1350 4356 1408 4411 Iso·

233 4452 325 4502 crates
343 4447 371 4499 in
390 4447 540 4501 Alcibiadis
558 4447 733 4516 potissimum
752 4445 1051 4516 laude(xv122-42)
1071 4447 1101 4498 in
1114 4447 1129 4517 5
1143 4447 1178 4500 28
1192 4445 1311 4501 dicendo
1324 4449 1407 4504 tollit.
