3278 5206
709 423 931 488 ..49-

228 617 306 666 nam
329 612 467 687 apparet
489 609 539 665 ter
551 601 574 683 ¹)
597 600 685 686 apud
710 600 900 682 Isocratem,
922 599 1138 665 -translata
1162 610 1270 666 exstat
1294 603 1405 667 verbis

227 715 318 775 exta
346 729 487 775 caueam.
534 707 712 773 Praeterea
741 706 868 772 Tullius
896 710 930 771 in
959 707 1146 773 definitione
1178 732 1248 791 sua,
1284 711 1405 796 quippe

228 837 313 902 quae
336 798 473 902 prorsus
498 813 540 879 ad
563 836 688 878 meram
712 814 950 899 digressionem
974 824 1083 900 aptata
1108 817 1159 897 sit,
1185 818 1281 880 etiam
1304 838 1342 880 eo
1364 816 1405 880 ab

231 931 363 988 auctore
392 922 435 986 ad
457 922 499 991 IL
530 932 562 986 et
589 942 752 1008 anonymo
777 920 888 1005 Seg.²)
912 921 1047 1004 recedit,
1071 922 1161 1005 quod
1184 945 1301 987 vocem
1324 922 1406 986 fidei

232 1029 396 1112 (πίστεως),
422 1050 520 1114 quam
543 1027 591 1092 illi
619 1030 797 1114 scriptores
827 1027 881 1092 vel
908 1030 998 1092 initio
1035 1029 1231 1093 definitionis
1267 1028 1401 1115 ponunt,

232 1138 362 1200 omnino
398 1136 529 1215 omittit;
565 1156 629 1222 quo
658 1135 708 1216 fit,
739 1144 776 1199 ut
810 1144 913 1200 totum
943 1157 1050 1219 genus
1086 1134 1223 1199 alterum
1251 1135 1405 1200 narrandi

227 1243 316 1329 apud
342 1241 537 1308 Ciceronem
565 1242 608 1306 ad
637 1239 740 1306 solam
765 1245 835 1306 sive
860 1239 1111 1307 delectationem
1135 1245 1205 1306 sive
1229 1243 1404 1306 affectuum

231 1350 461 1414 excitationem
505 1358 640 1434 spectet.
702 1348 757 1414 Ad
802 1371 884 1434 quas
928 1348 999 1413 aliis
1044 1371 1174 1435 quoque
1217 1349 1299 1414 locis
1338 1371 1405 1413 non

229 1457 388 1542 paucis³)‚
417 1456 475 1520 ubi
505 1455 744 1540 digressionem
772 1458 885 1540 attigit,
916 1478 988 1520 eam
1011 1456 1220 1520 referendam
1244 1478 1320 1520 esse
1343 1477 1403 1542 pu·

228 1564 317 1628 tavit.
369 1563 422 1626 Ex
456 1563 508 1626 his
541 1565 622 1648 ipsis
651 1573 760 1627 autem
794 1562 876 1627 locis
910 1563 1105 1628 Ciceronem
1142 1562 1401 1648 digressionibus

181 1706 184 1711 ·
226 1690 293 1734 non
328 1679 451 1734 certam
487 1669 650 1755 quandam
686 1669 799 1733 sedem
834 1669 967 1734 dedisse
1005 1707 1049 1716 -
1088 1692 1285 1757 quamquam
1320 1668 1400 1733 alios

228 1776 377 1842 'rhetores
408 1786 444 1840 ut
471 1776 710 1861 Hermagoram
741 1799 798 1840 eas
826 1786 900 1841 ante
930 1776 1175 1841 conclusionem
1204 1786 1280 1862 post
1307 1797 1402 1859 argu·

226 1884 463 1948 mentationem
488 1880 669 1948 collocasse
694 1892 726 1947 et
749 1884 833 1947 inter
856 1886 1050 1947 narrationis
1074 1892 1185 1970 partes
1209 1904 1403 1947 numerasse

227 1986 360 2074 tradit4)
396 2027 431 2036 —
451 1988 524 2054 ‚sed
550 1990 607 2054 ubi
635 1993 765 2071 occasio
790 1999 821 2054 et
843 1999 973 2076 tempus
999 1989 1191 2076 suadebant,
1217 1990 1264 2053 ibi
1288 1990 1402 2073 degre-

228 2095 384 2161 diendum
417 2119 492 2161 esse
519 2095 561 2161 ab
591 2099 744 2162 orationis
774 2119 874 2162 cursu
903 2097 1022 2162 docere
1052 2099 1312 2183 comperimus5).
1360 2097 1402 2160 Et

228 2224 346 2268 revera
369 2202 530 2289 exempla,
557 2225 641 2289 quae
665 2227 696 2289 p.
715 2204 825 2269 33-a
842 2204 882 2268 ad
899 2203 1036 2267 alterum
1052 2225 1157 2288 genus
1173 2202 1402 2267 illustrandum

229 2331 270 2373 ex
308 2307 468 2374 Cicerone
513 2309 657 2394 collegit,
703 2310 850 2374 Rohdius
891 2334 909 2374 e
948 2306 1181 2375 diversissimis
1222 2311 1401 2375 orationum

227 2415 375 2502 partibus
403 2417 595 2503 depromere
618 2417 763 2503 potuitll.

230 2614 442 2623 ———

334 2754 355 2823 ¹)
375 2750 497 2815 vlle&
517 2750 632 2819 xum,
652 2753 712 2806 161.
749 2752 785 2805 Et
808 2749 861 2804 XII
884 2751 918 2804 74
942 2752 1056 2819 quidem
1077 2751 1215 2805 Isocrates
1239 2756 1283 2815 τὰς
1304 2752 1402 2820 πράξεις

227 2845 272 2904 τὰς
290 2836 337 2906 ἔξω
356 2841 490 2911 λεγομένας
507 2850 551 2910 τῆς
569 2839 714 2904 ὑποθέσεως
732 2858 748 2894 a
767 2841 861 2894 multis
882 2843 943 2894 tum
961 2840 1081 2893 reiectas
1094 2857 1155 2894 esse
1169 2839 1221 2907 ait3
1241 2840 1315 2907 quod
1325 2840 1402 2893 idem

228 2946 261 2984 ex
280 2930 342 2983 aliis
361 2931 469 2985 dnobus
487 2931 556 2984 locis
575 2931 701 2984 conicere
718 2930 794 2984 licet.

336 3019 356 3089 ¹)
376 3019 661 3073 Animadvertendum
690 3035 799 3086 qnoque
827 3020 870 3072 est
889 3017 1048 3072 Ciceronem
1074 3034 1126 3087 pro
1149 3034 1216 3072 voce
1238 3017 1403 3085 intercurrit,

228 3123 300 3175 quae
331 3110 461 3161 accurate
494 3109 555 3162 voci
585 3108 752 3177 παρεμπίπτει
781 3108 811 3160 in
843 3107 948 3161 Graeca
979 3106 1141 3161 definitione
1169 3107 1300 3177 anonymi
1327 3107 1341 3176 ξ
1369 3107 1403 3158 55

229 3194 302 3261 (13‚3
322 3195 366 3266 G.)
385 3198 536 3264 respondet
556 3196 603 3267 (cf.
621 3198 710 3249 Anax.
724 3197 823 3264 71,14)‚
842 3196 1007 3250 vocabulum
1027 3195 1209 3264 irderponitur
1226 3196 1404 3249 substituere.

229 3284 265 3338 ef.
285 3285 391 3354 Thiele‚
411 3287 519 3354 quaest.
539 3305 565 3354 p.
585 3285 627 3338 29.

336 3373 357 3445 ⁸)
377 3372 464 3429 lineos
484 3374 610 3444 congerit
628 3374 789 3429 Heiniclrius
806 3393 833 3442 p.
854 3374 900 3436 63;
920 3373 993 3426 addo
1012 3376 1085 3442 part.
1104 3390 1143 3426 or.
1162 3372 1233 3434 837.

334 3464 356 3530 ⁴)
377 3463 412 3518 cf.
432 3464 465 3516 de
484 3463 540 3518 inv.
559 3464 572 3516 I
592 3463 685 3530 51‚at;
705 3465 739 3517 de
759 3467 828 3517 orat.
847 3462 876 3515 Π
895 3462 983 3531 19,80.
1100 3501 1104 3508 .

337 3552 357 3619 ³)
378 3551 412 3605 ci.
431 3552 567 3620 imprimis
586 3552 622 3605 de
641 3553 710 3606 orat,
730 3551 760 3604 ΙΙ
780 3552 889 3618 77,311;
908 3554 981 3620 part.
1001 3566 1040 3604 or.
1060 3550 1130 3616 4,14.

337 3641 357 3707 ⁸)
376 3640 428 3694 Hic
456 3641 597 3694 abstinere
625 3657 669 3693 me
694 3657 748 3693 non
772 3657 893 3708 possum,
922 3639 988 3706 quin
1012 3655 1142 3692 moneam
1166 3636 1344 3707 digressionis
1370 3639 1404 3691 ab

230 3730 402 3799 Hermagora
429 3732 552 3783 statutae
580 3728 795 3797 descriptionem
832 3727 879 3800 (cf.
904 3727 959 3781 Cic.
985 3728 1019 3780 de
1046 3728 1102 3782 inv.
1125 3727 1138 3779 l
1161 3725 1265 3794 arat),
1293 3727 1322 3778 in
1350 3743 1405 3794 qua

229 3823 279 3872 aut
296 3817 341 3872 etri
359 3818 420 3872 lem
438 3823 486 3872 aut
505 3817 656 3872 advesarii
673 3817 836 3887 uituperatio
849 3820 898 3871 aut
910 3816 999 3870 oratio
1012 3817 1178 3885 postulatur,
1198 3831 1267 3883 quer
1279 3815 1309 3868 io
1321 3813 1405 3868 aliem

230 3920 340 3961 earnem
359 3905 480 3976 dedecet,
500 3922 533 3962 ee
551 3922 605 3974 qua
623 3907 748 3972 conridet
766 3905 871 3975 aliquid
888 3905 1100 3970 confirmationis
1113 3920 1169 3958 non
1182 3902 1405 3974 argumentando,

229 3996 277 4050 aed
306 3995 430 4066 dependo
452 4010 506 4063 per
533 3995 670 4064 quaedam
697 3995 942 4063 amplificationem,
970 3997 1119 4065 postquam
1147 4011 1211 4047 cum
1239 3993 1329 4047 altero
1357 3988 1405 4046 iilo

214 4085 364 4138 narrandi
381 4102 482 4154 genere
501 4084 671 4152 comparavi,
688 4083 784 4138 statim
802 4084 872 4138 illud
888 4083 956 4136 mihi
968 4083 997 4137 in
1010 4087 1134 4139 mentem
1147 4083 1265 4151 venisse,
1284 4096 1320 4135 an
1331 4076 1405 4134 forte
1476 4096 1477 4099 ’

232 4173 329 4229 Cicero
354 4176 383 4227 et
405 4177 503 4228 auctor
527 4175 561 4227 ad
580 4173 613 4226 H.
639 4173 668 4225 in
690 4175 743 4227 hec
766 4190 876 4241 quoque
901 4191 932 4226 re
952 4173 987 4226 ab
1007 4171 1138 4226 Temnita
1154 4172 1313 4242 pendeant;
1339 4186 1405 4223 nam

231 4263 414 4317 vehementer
430 4261 574 4330 utriusque
593 4261 736 4330 scriptoris
749 4261 869 4315 Romani
887 4261 1014 4315 doctrina
1027 4260 1153 4330 quamvis
1165 4260 1240 4313 inter
1253 4276 1282 4312 se
1296 4259 1406 4311 diversa

231 4352 265 4404 ad
279 4350 497 4418 Hermagoream
510 4351 643 4405 accedere
655 4351 775 4405 videtur.
804 4349 935 4404 Ceterum
945 4350 999 4403 hoc
1012 4350 1070 4404 sive
1080 4349 1121 4403 ita
1130 4366 1160 4402 se
1170 4348 1257 4403 habet
1269 4347 1328 4401 sive
1340 4363 1405 4408 non,

232 4455 343 4507 semper
374 4438 441 4492 satis
472 4439 571 4492 mirum
602 4438 713 4492 ridetur
745 4469 779 4479 -
811 4439 888 4493 valet
918 4437 992 4492 enim
1022 4438 1052 4491 in
1081 4437 1218 4506 reliquam
1249 4435 1403 4491 doctrinam

1189 4529 1210 4578 4
