3278 5206
630 435 924 538 5—43—

229 615 343 701 primis
369 613 515 678 deerat
545 612 591 689 II,
620 612 673 692 80,
703 612 778 694 325,
804 611 862 676 ubi
889 611 1073 677 Antonius:
1107 632 1257 678 coueuum
1288 620 1402 697 autem,

227 721 342 806 inquit,
367 721 416 785 da
438 722 481 785 sit
497 721 697 801 priucipium
721 721 918 800 consequenti
941 720 1088 801 orationi,
1112 724 1148 784 ut
1162 740 1225 784 uou
1242 725 1404 801 tamquam

228 827 401 893 citharoedi
424 829 622 908 prooemium
643 827 802 908 adfectum
826 826 955 907 aliquod
978 846 1042 891 esee
1064 826 1219 903 uideatur,
1244 825 1285 890 ab
1310 828 1403 892 Aris·

143 921 146 926 ¹
228 932 327 1000 totale
355 932 530 1019 discrepat,
563 934 620 1018 qui
647 935 851 1018 prooemium
874 933 908 996 in
931 932 1104 996 tibicinum
1129 931 1262 996 modum
1285 935 1403 997 instrui

227 1039 306 1106 vult.
355 1039 563 1126 Quamquam
593 1039 869 1104 considerandum
894 1047 945 1103 est
962 1037 1199 1125 philosophum
1222 1039 1286 1103 hoc
1309 1061 1403 1127 prae·

228 1137 404 1234 cipiantem
427 1168 532 1230 genus
557 1144 663 1210 solum
688 1145 898 1231 epidicticum
921 1144 1122 1230 intellegere,
1150 1168 1225 1209 cum
1249 1145 1303 1210 alii
1326 1145 1403 1210 talia

228 1263 377 1319 vetantes
401 1274 506 1338 genus
523 1255 701 1339 praecipue
717 1250 871 1316 iudiciale
889 1261 921 1316 et
943 1251 1195 1316 deliberativum
1213 1252 1401 1336 significare

229 1359 379 1425 sumendi
403 1361 476 1423 sint.

334 1465 473 1551 Reliqua
506 1488 636 1552 quoque
671 1465 859 1531 Aristotelis
895 1465 1060 1546 doctrina,
1093 1488 1157 1551 qua
1183 1473 1225 1535 τὰ
1252 1480 1313 1535 τῶν
1341 1472 1401 1535 ἐπι-

225 1581 384 1643 δεικτικῶν
412 1580 555 1664 προοίμια
579 1581 635 1636 aut
659 1577 692 1653 ἐξ
715 1578 835 1641 ἐπαίνου
858 1577 878 1657 ἢ
902 1577 1001 1663 ψόγου
1031 1580 1088 1636 aut
1118 1578 1154 1640 ἐκ
1180 1585 1351 1664 προτροπῆς
1382 1579 1402 1659 ἢ

230 1686 402 1772 ἀποτροπῆς
425 1690 480 1744 aut
504 1686 540 1748 ἐκ
562 1692 622 1748 τῶν
645 1686 804 1749 δικανικῶν
827 1687 999 1772 προοιμίων,
1025 1681 1048 1744 ἱ.
1073 1702 1100 1744 e.
1125 1687 1163 1748 ἒκ
1184 1694 1245 1749 τῶν
1260 1687 1334 1771 πρὸς
1349 1687 1403 1748 τὸν

229 1793 384 1880 ἀκροατήν
395 1787 417 1871 ¹)
446 1787 598 1851 ducenda
630 1808 705 1850 esse
734 1786 845 1868 docet,
879 1785 1056 1871 singularis
1087 1785 1226 1873 aliisque
1256 1786 1403 1852 inaudita

229 1904 289 1959 est.
334 1894 433 1958 Hunc
456 1903 566 1958 tamen
591 1915 789 1958 consensum
806 1895 890 1958 inter
907 1895 1156 1976 Anaximenem,
1181 1892 1400 1979 Aristotelem,

229 2009 393 2065 auctorem
418 1999 460 2064 ad
489 2001 529 2064 H.
556 2002 685 2064 enotavi
713 2000 805 2082 80,6:
840 2008 893 2070 καὶ
916 2005 1028 2080 αὐτοὺς
1052 2001 1110 2084 (so.
1134 2009 1207 2081 τοὺς
1230 2002 1401 2091 ἀκροατάς)

226 2107 323 2192 trost)
347 2114 399 2176 uod
421 2115 494 2188 τοὺς
517 2111 801 2199 ἐγκωμιαζομένους
822 2114 875 2175 καὶ
891 2112 1079 2199 ψεγομένους
1101 2112 1275 2200 ἀποφαίνειν
1289 2135 1401 2199 πεπρα-

227 2220 332 2305 γότας.
371 2212 483 2278 1415ίι
508 2214 550 2278 28
576 2219 606 2282 ἐν
628 2219 665 2281 δὲ
688 2225 752 2294 τοῖς
769 2219 976 2294 ἐπιδεικτικοῖς
994 2217 1113 2283 οἴεσθαι
1128 2221 1178 2282 δεῖ
1190 2224 1282 2282 ποιεῖν
1297 2241 1402 2283 συνεπ-

229 2325 378 2390 αινεῖσθαι
405 2326 460 2388 τὸν
491 2324 655 2412 ἀκροατήν.
703 2319 755 2383 ΙΙΙ
779 2320 870 2400 6‚12:
895 2319 936 2384 ab
966 2320 1152 2386 auditorum
1180 2342 1403 2407 persona...

228 2431 378 2509 quomam
407 2429 443 2492 iu
473 2427 577 2493 codem
604 2429 733 2492 uirtutis
763 2427 869 2492 studio
901 2430 976 2508 siut,
1010 2428 1098 2508 opud
1127 2448 1203 2509 quoe
1237 2428 1403 2494 laudemus

119 2576 123 2583 -
230 2540 321 2616 atquc
342 2533 405 2620 dle,
428 2535 483 2616 qm·
506 2533 667 2612 laudatur,
697 2536 795 2616 fuem't
818 2541 876 2599 aut
897 2537 949 2611 eit,
974 2555 1101 2613 sperare
1123 2555 1181 2599 uos
1206 2534 1307 2616 focile
1330 2589 1337 2605 .
1362 2587 1369 2599 .
1395 2586 1403 2601 .

226 2640 322 2706 huius
344 2642 435 2723 facta
452 2641 655 2721 probaturae.

333 2747 508 2832 Reliquum
529 2756 579 2810 est
594 2756 630 2811 ut
645 2745 819 2811 nonnullas
835 2748 979 2811 rationes
997 2769 1081 2833 quae
1097 2747 1307 2813 intercedunt
1321 2748 1406 2811 inter

228 2855 346 2940 prioris
371 2863 403 2917 et
426 2851 589 2918 inferioris
614 2855 730 2918 aetatis
756 2853 937 2917 doctrinam
961 2875 1135 2940 exsequar.
1174 2852 1337 2918 Antonius
1362 2853 1403 2916 de

230 2970 309 3026 orat.
328 2959 374 3044 ΙΙ,
387 2960 441 3042 79,
457 2960 523 3026 320
538 2959 698 3047 triplicem
716 2960 875 3046 prooemii
891 2960 1051 3024 rationem
1068 2981 1143 3038 esse
1160 2959 1212 3024 his
1228 2957 1340 3025 verbis
1357 2959 1415 3023 di-·

173 3117 177 3126 .
231 3068 289 3132 cit:
315 3067 413 3133 Omuc
428 3073 532 3133 autem
543 3068 745 3149 priucipium
761 3075 817 3132 aut
831 3069 879 3132 ια’
895 3068 992 3132 totius
1014 3088 1095 3148 quae
1117 3072 1228 3149 aqetur
1242 3068 1404 3149 eiquifica-

230 3175 346 3240 tiouem
368 3174 482 3240 labara
504 3175 623 3239 debebit
647 3179 704 3240 aul
727 3175 851 3239 aditum
874 3175 917 3238 ad
933 3194 1065 3238 causam
1080 3180 1110 3238 et
1125 3175 1332 3239 muudiouem
1349 3180 1406 3239 aut
1430 3232 1434 3237 .

232 3281 389 3363 quoddam
424 3264 644 3347 oruamentum
672 3286 701 3345 ct
728 3281 924 3363 diqm'tatem.
976 3280 1126 3345 Eandem
1160 3279 1323 3366 triplicem
1357 3303 1406 3343 ra-

338 3476 358 3542 1)
379 3474 439 3527 Ηοο
468 3472 642 3542 prooemium
666 3473 831 3526 Aristoteles
856 3472 978 3525 1415a3
1001 3472 1092 3526 tribus
1118 3471 1291 3541 temporibus
1315 3472 1407 3527 locum

230 3562 335 3616 habere
361 3564 457 3631 putat:
487 3558 508 3617 εἰ
532 3563 589 3630 περὶ
610 3562 752 3631 παραδόξου
776 3562 848 3630 λόγος
870 3560 887 3630 ἢ
910 3562 966 3629 περὶ
988 3567 1099 3632 χαλεποῦ
1116 3560 1133 3630 ἢ
1151 3563 1208 3630 περὶ
1225 3559 1407 3630 τεδρυλημένυυ

230 3656 337 3714 πολλοῖς.
373 3650 450 3705 Haec
469 3652 564 3705 autam
581 3654 709 3719 tempora
728 3667 792 3703 oum
810 3650 1003 3718 distingueret,
1028 3650 1062 3703 de
1086 3650 1176 3703 tribus
1200 3649 1335 3718 prooemii
1353 3650 1407 3703 vir·

232 3740 341 3794 tutibus
369 3740 398 3793 in
426 3757 530 3809 genere
558 3738 682 3793 iudiciali
709 3738 821 3792 traditis
849 3738 988 3806 cogitasse
1016 3738 1133 3802 videtur,
1162 3738 1203 3792 ita
1227 3739 1307 3791 utin
1332 3738 1407 3806 turpi

231 3829 391 3898 (παράδοξος)
415 3845 498 3882 causa
520 3828 728 3897 benevolentia,
752 3828 782 3881 in
809 3827 916 3882 difficili
940 3827 1060 3899 (χαλεπή)
1079 3827 1275 3896 intelligentia,
1300 3827 1329 3880 in
1347 3829 1408 3881 vnl-
1468 3900 1470 3905 Δ

232 3922 300 3988 gata
319 3916 510 3986 (τεδρυλημίνη)
530 3917 653 3971 attentio
673 3916 821 3972 excitanda
840 3917 885 3970 eit.

340 4008 362 4075 ²)
382 4006 427 4061 Sic
446 4007 521 4060 enim
539 4008 585 4061 vel
606 4007 695 4069 αὐτοὺς
709 4002 756 4061 lca
774 4006 959 4075 proiectione
977 4005 1084 4059 tradita
1103 4006 1176 4061 αὐτὸν
1192 4002 1248 4061 ἴσον
1267 4006 1407 4074 corrigen-

233 4096 300 4149 dum
328 4112 389 4150 esse
417 4097 486 4165 puto
516 4095 563 4158 (cf.
582 4094 704 4164 Spengel
722 4115 749 4164 p.
769 4094 842 4165 228).
878 4096 952 4149 Nam
971 4095 1040 4148 illud
1059 4095 1132 4150 αὐτὸν
1148 4091 1204 4150 ίσον
1222 4112 1274 4148 nec
1292 4096 1327 4148 ad
1346 4112 1407 4148 sen-

232 4202 293 4238 snm
318 4201 372 4238 neo
400 4183 435 4237 ad
459 4179 672 4253 grammaticam
696 4185 823 4252 quadrat,
853 4201 925 4252 quae
953 4184 1068 4252 pluralis
1097 4182 1285 4237 accusativum
1307 4184 1407 4252 poscit.

232 4273 323 4328 Aliter
341 4275 438 4327 tamen
450 4271 645 4338 Nitsohiue‚
664 4273 792 4327 Jahresb.
814 4274 840 4327 d.
853 4273 921 4343 phil
937 4272 1054 4327 Vereins
1066 4291 1097 4325 zu
1112 4273 1207 4326 Berlin
1220 4273 1263 4338 32,
1284 4272 1361 4340 1906,
1379 4291 1405 4341 p,

233 4361 267 4414 75
286 4362 360 4416 huno
378 4364 469 4416 locum
492 4363 603 4416 sanavit
622 4364 652 4417 et
670 4361 871 4432 interpretatus
891 4365 948 4416 est:
972 4363 1017 4417 καὶ
1040 4363 1128 4425 αὐτοὺς
1150 4363 1198 4433 (ιο.
1223 4362 1270 4430 qni
1292 4361 1408 4416 laudan-

233 4452 290 4519 tur)
307 4447 353 4507 ίαα
371 4456 422 4515 τοῖς
439 4447 665 4520 ἐγκωμιαζομένοις
690 4452 732 4505 καὶ
754 4450 898 4520 ψεγομένοις
922 4454 1062 4520 <μάλιστα>
1087 4453 1223 4520 ἀποφανεῖν
1242 4452 1408 4521 πεπραγὸτας.
