3278 5206
656 456 873 520 „53-

179 635 235 720 (cf.
264 659 296 722 p.
329 635 446 718 113,11
462 637 523 719 sq.)
533 638 556 718 ¹)
587 633 630 697 ad
656 633 811 698 narrandi
839 655 996 714 normam,
1027 655 1124 719 quam
1152 634 1352 699 Anaximeni

180 752 213 807 et
223 741 393 809 Aristoteli
406 763 506 828 supra
518 740 768 815 vindicavimus,
787 740 948 805 accedere
960 740 1146 822 edocemur,
1161 742 1259 804 etiarn
1271 740 1352 804 Dio·
1396 760 1398 765 ·

178 849 311 936 nysium
333 847 420 913 illius
443 871 510 912 non
532 850 682 933 ignarum
699 847 802 912 fuisse
819 857 964 933 apparet.
1005 848 1106 933 Atqui
1120 849 1352 933 gravissimum

178 966 230 1020 est
253 978 326 1021 eam
343 955 512 1021 Ciceronis
536 955 640 1041 ipsius
664 953 866 1040 temporibus
893 977 960 1019 non
987 954 1093 1021 solum
1113 964 1223 1018 notam
1238 952 1352 1035 fuisse,

179 1062 240 1128 sed
263 1065 418 1153 viguisse.
457 1063 607 1147 Namque
630 1064 664 1125 in
687 1061 779 1127 libris
804 1062 845 1127 de
868 1064 934 1128 inv.
959 1061 1246 1146 121,301egimus
1271 1111 1352 1126 ....

178 1191 250 1237 cum
272 1172 375 1251 ipsius
397 1172 444 1235 rei
465 1175 569 1253 pastae
583 1172 735 1251 expositio
751 1191 902 1253 maqnarn
917 1172 1033 1251 excipit
1048 1170 1272 1251 offensionem.
1293 1220 1299 1232 .
1319 1219 1325 1231 .
1344 1216 1350 1230 .

179 1277 417 1344 membratim
447 1278 598 1360 oportebit
619 1282 731 1357 partes
757 1279 806 1342 rei
831 1282 936 1360 qestue
963 1278 1143 1359 disperqere
1165 1279 1200 1340 ia
1223 1296 1352 1341 causam

179 1391 210 1450 et
230 1385 275 1449 ad
296 1405 550 1466 unamquamque
564 1384 729 1466 confestim
744 1385 898 1448 ratianum
914 1384 1156 1462 accommodare,
1181 1389 1217 1448 ut
1231 1383 1354 1448 uuluam

174 1498 302 1574 praesto
337 1492 596 1556 medicamentum
630 1493 672 1556 sit
706 1497 736 1555 et
770 1491 877 1556 odium
902 1491 1048 1573 defensio
1076 1493 1207 1574 mitiqet.
1260 1489 1353 1554 idem

181 1597 298 1665 Cicero
321 1609 403 1684 part.
427 1621 474 1664 or.
499 1599 619 1678 35,121
644 1599 829 1663 accusatori
852 1598 885 1660 in
910 1619 1010 1662 causa
1034 1596 1247 1662 coniecturali
1260 1619 1354 1682 prae·

181 1704 308 1772 scribit:
347 1708 491 1771 narratio
525 1711 631 1770 autem
665 1705 860 1770 accusatoris
893 1705 951 1768 erit
989 1707 1081 1785 quasi
1118 1705 1354 1770 membratim

179 1814 260 1895 pesti
285 1815 402 1895 nepotii
427 1814 603 1894 suspiciosa
626 1811 802 1892 explicatio,
832 1811 957 1891 sparsis
980 1812 1125 1876 omnibus
1148 1814 1354 1893 arqumentis

181 1920 353 1984 obscuratis
382 1919 617 2001 defensionibus
644 1916 823 1999 (simillime
856 1925 941 1982 auct.
969 1917 1014 1981 ad
1040 1916 1238 2002 H.112,3).
1285 1917 1354 1980 Nec

180 2023 279 2089 talem
312 2027 507 2090 narrationis
543 2024 768 2111 disponendae
796 2025 955 2089 rationem
982 2026 1016 2088 in
1044 2024 1124 2108 ipsis
1154 2022 1355 2089 orationibus

180 2153 247 2197 non
281 2131 437 2211 adhibuit,
473 2154 557 2218 quae
590 2154 617 2196 e.
653 2155 685 2216 g.
721 2133 755 2196 in
789 2130 826 2196 O.
862 2132 975 2196 Verris
1011 2132 1221 2196 accusatione
1257 2141 1289 2194 et
1322 2134 1355 2193 in

181 2237 221 2302 A.
247 2238 389 2304 Cluentii
413 2237 606 2304 defensione
629 2239 867 2324 perspiciturtl.

288 2344 429 2410 Accedit
457 2345 545 2429 quod
574 2347 671 2409 etiam
695 2367 877 2431 anonymus
903 2345 978 2430 Sag.
1001 2345 1088 2410 hano
1112 2347 1259 2430 priorum
1281 2345 1355 2409 rhe-

181 2460 287 2516 torum
312 2451 492 2517 doctrinam
518 2451 739 2537 compluriens
764 2451 795 2537 (§
820 2454 872 2534 56,
899 2453 1073 2536 129,133)
1097 2452 1269 2537 significat.
1317 2452 1355 2517 In

181 2558 281 2640 §129
306 2557 394 2640 (249
413 2556 468 2641 G.)
493 2567 600 2623 autem
625 2557 813 2623 Alexander
835 2559 987 2624 Numenii
1011 2558 1097 2622 filius
1122 2569 1235 2623 contra
1258 2570 1356 2645 atque

180 2662 245 2743 alii,
272 2667 326 2751 qui
350 2687 455 2751 paene
479 2675 660 2751 pertatem
685 2668 864 2729 orationem
888 2667 1091 2730 narrationes
1109 2688 1239 2752 quoque
1257 2666 1355 2732 collo-

182 2773 251 2835 cari
288 2793 388 2858 posse
427 2772 616 2851 censebant,
651 2779 791 2863 διηγήσει
826 2772 940 2857 duos³)
976 2771 1067 2837 locos
1103 2772 1237 2837 eosdem
1273 2795 1356 2858 quos

180 2969 213 3020 τὰ
247 2965 392 3037 πραχθέντα
426 2962 549 3036 εἰρῆσθαι.
595 2965 704 3035 Nempe
736 2967 807 3020 haec
840 2966 1005 3035 disponendi
1035 2965 1106 3019 ratio
1138 2965 1286 3020 artificiosa
1320 2984 1355 3020 ex

181 3055 349 3110 communi
377 3055 469 3123 quarti
488 3055 592 3111 saeculi
611 3058 671 3110 arte
699 3056 729 3108 et
751 3055 895 3109 rhetorum
914 3055 980 3110 ludo
1008 3055 1124 3123 recedit,
1143 3055 1172 3108 in
1200 3072 1253 3124 quo
1273 3055 1353 3109 disci-

181 3144 259 3210 pulos
291 3145 359 3197 duas
386 3147 497 3198 tanturn
520 3145 689 3198 narrationis
708 3145 888 3199 collocandae
915 3144 1046 3208 rationes,
1066 3161 1167 3212 eaeque
1186 3161 1254 3213 quaa
1272 3162 1355 3214 supra

180 3232 405 3300 significavimus,
425 3233 553 3288 didicisse
571 3233 703 3301 suspicor.
742 3233 832 3287 Aliter
851 3233 1000 3288 Navarrina
1018 3233 1142 3288 iudicare
1162 3234 1281 3288 videtur.

215 3338 218 3343 ⁴
289 3323 310 3388 ¹)
329 3320 381 3376 Hic
403 3322 480 3376 locus
505 3322 605 3392 dignus
628 3324 679 3386 est,
708 3323 755 3391 qui
777 3326 853 3377 totus
876 3324 1022 3376 reddatur:
1050 3326 1094 3378 καὶ
1117 3323 1175 3378 οὔδε
1197 3326 1288 3391 ταύτην
1311 3324 1355 3392 τὴν

180 3410 293 3480 διήγησιν
318 3413 406 3477 ἁπλῶς
428 3432 482 3474 πως
505 3410 645 3480 συστρέψας
667 3413 712 3466 καὶ
733 3413 962 3475 ἀκατασκευάστως
984 3412 1088 3480 τίθησιν,
1112 3413 1175 3467 ἀλλὰ
1197 3413 1241 3466 καὶ
1264 3415 1355 3480 ταύτην

181 3499 336 3569 μακροτέραν
359 3498 437 3556 οὖσαν
461 3501 599 3569 ἀποτομαῖς
621 3520 669 3555 τισι
691 3503 856 3569 διαλαμβάνει
873 3501 918 3555 καὶ
935 3505 993 3556 καθ’
1013 3498 1119 3556 ἕκαστον
1137 3494 1208 3564 εἶδος
1226 3504 1356 3570 μάρτυρας

182 3588 358 3658 ἀναβιβάζεται
379 3591 422 3645 καὶ
445 3586 591 3660 προκλήσεις
614 3590 791 3658 ἀναγιγνώσκει
813 3591 857 3644 καὶ
876 3589 1003 3659 anubim<
1020 3589 1155 3661 παρέχεται
1172 3591 1311 3661 τεκμηρίοις
1328 3611 1356 3647 τε

179 3678 224 3732 καὶ
242 3678 352 3747 σημείοις
369 3680 413 3734 καὶ
431 3685 482 3743 τοῖς
500 3674 529 3736 ἐκ
547 3686 597 3736 τῶν
616 3675 719 3734 εἰκότων
737 3675 844 3750 ἐλέγχοις
863 3680 942 3734 ἅπασι
959 3683 1054 3750 χρῆται.

288 3767 310 3835 ²)
329 3766 363 3823 cf.
384 3767 483 3822 Rohde
504 3785 533 3836 p.
552 3766 600 3830 29;
619 3765 655 3821 cf.
675 3768 760 3822 etiam
780 3767 975 3833 Quinctianam
994 3767 1104 3829 (Rohde
1122 3786 1149 3837 p.
1170 3767 1224 3834 30).

288 3855 490 3924 ⁹)Graerenua
517 3875 545 3925 p.
573 3857 608 3910 24
633 3857 823 3910 Alexandrum
850 3860 908 3910 tres
934 3855 1100 3925 disponendi
1123 3857 1220 3910 modos
1241 3859 1357 3912 eosdem

181 3960 249 4011 quos
277 3943 426 4013 Dionysius
453 3945 488 3998 de
511 3945 590 4000 Isaeo
617 3962 676 4014 cap.
701 3946 807 4000 14-15
830 3945 976 4014 agnovisse
1000 3947 1090 4014 putat.
1132 3946 1168 3999 Et
1192 3948 1227 4001 de
1251 3948 1358 4003 duobus

179 4032 295 4100 quidem
313 4035 445 4089 concedo.
475 4034 556 4103 Nego
575 4035 650 4103 quod
666 4033 825 4089 Graevenus
838 4035 931 4089 verbis
944 4038 1039 4092 τάττειν
1051 4034 1095 4106 τὴν
1108 4036 1220 4105 διήγησιν
1232 4031 1260 4092 έν
1273 4038 1359 4102 αὐταῖς

179 4127 233 4186 ταῖς
250 4122 367 4191 πίστεσιν,
386 4126 450 4192 post
468 4141 540 4192 quae
561 4140 659 4178 vocem
676 4123 694 4192 ἤ
712 4123 842 4191 inculcat,
862 4126 982 4179 eundem
1000 4124 1041 4179 ait
1059 4126 1173 4179 modum
1190 4127 1357 4181 narrationis

179 4210 369 4280 disponendae
388 4212 546 4281 significari,
571 4213 619 4282 qui
637 4213 720 4266 tertio
740 4213 801 4268 loco
821 4233 837 4267 a
856 4214 988 4283 Dionysio
1007 4217 1153 4269 tractatur.
1189 4215 1262 4270 Nam
1281 4220 1358 4270 errat

181 4290 224 4354 rir
242 4301 406 4370 ceteroquin
424 4304 530 4370 acutus,
549 4318 613 4356 oum
631 4302 717 4356 verba
735 4298 762 4359 έν
780 4308 834 4366 ταῖς
852 4303 949 4360 πίστεσι
967 4305 1071 4370 (vertet
1090 4303 1164 4359 inter
1177 4307 1357 4373 argumenta)

181 4388 263 4443 nimis
288 4407 418 4459 premens
441 4392 512 4447 haec
534 4393 621 4447 rerba
645 4392 701 4446 dici
725 4409 782 4446 non
805 4409 886 4462 posse
909 4394 1063 4463 contendit,
1094 4394 1133 4459 „si
1155 4394 1278 4448 narratio
1302 4412 1359 4449 non

180 4480 242 4532 tota
260 4479 471 4548 probationibus
489 4481 648 4548 includitur,
668 4483 718 4536 sed
738 4498 803 4551 pars
821 4482 989 4536 narrationis
1005 4482 1039 4538 iis
1051 4483 1266 4553 praemittitur“.
1302 4484 1358 4538 Sed
