3278 5206
732 436 952 499 -96-

252 621 290 683 δὲ
308 619 498 706 διαθήσομεν
513 620 593 706 ἡμᾶς
609 621 661 682 καὶ
676 622 749 695 τοὺς
764 619 915 692 ἐναντίους
931 624 1034 693 κακῶς
1042 611 1074 696 ί),
1096 619 1194 704 ὥσπερ
1217 617 1263 681 ἐπὶ
1283 624 1343 679 τῶν
1358 640 1431 704 προ-

252 735 370 813 τροπῶν
393 720 452 807 (εο.
476 744 508 807 p.
527 722 584 804 77)
608 727 661 790 καὶ
684 726 861 812 ἀποτροπῶν
885 719 944 804 (sc.
961 743 992 804 p.
1011 720 1067 802 79)
1092 769 1151 784 ...
1192 718 1281 803 Ergo
1305 719 1429 783 Anaxi-

142 883 144 887 ,
254 849 367 892 menes
381 829 476 892 etiam
491 828 761 892 deliberationum
773 825 1035 913 perorationibus
1048 828 1110 890 tria
1120 825 1430 910 officiaassignavit.

362 934 459 1015 Quod
482 945 589 999 autem
608 934 705 999 valde
720 933 864 998 notabile
880 943 941 1016 est,
965 955 1007 997 ne
1023 935 1146 1015 αὔξησιν
1164 933 1305 1018 quidem,
1331 955 1429 1018 quam

254 1039 464 1106 Aristotelem
494 1041 623 1127 epilogo
651 1039 806 1104 tribuisse
836 1042 958 1103 scimus
987 1040 1044 1124 (cf.
1072 1038 1184 1103 1419b
1209 1039 1278 1123 20),
1307 1039 1430 1104 Anaxi·

255 1170 368 1211 menes
397 1170 534 1234 prorsus
566 1157 760 1234 aspernatus
785 1157 845 1227 est,
875 1147 992 1211 sedin
1014 1146 1199 1232 appendice
1228 1146 1376 1231 (101,11)
1400 1158 1432 1210 et

254 1256 287 1317 in
311 1276 434 1339 genere
459 1259 643 1345 ἐξεπασπικῷ
668 1254 772 1339 (99,2)
796 1256 942 1339 respexit
950 1255 985 1339 2).

361 1361 415 1424 De
436 1362 635 1427 Theodectis
660 1375 693 1426 et
712 1361 898 1426 Aristotelis
922 1363 1047 1424 ratione
1072 1359 1191 1446 epilogi
1216 1360 1431 1446 dispertiendi

255 1467 337 1530 nihil
360 1467 477 1550 habeo,
501 1468 590 1554 quod
614 1468 657 1532 ad
681 1467 892 1532 Wendlandii
916 1467 1169 1553 disputationem
1195 1466 1323 1530 addam.

363 1573 428 1638 Sed
452 1574 599 1639 nonnihil
625 1577 775 1661 quamvis
801 1573 1056 1639 aWendlandio
1080 1597 1110 1659 p.
1128 1574 1170 1638 52
1196 1575 1259 1637 iem
1276 1583 1430 1639 attactum

256 1678 299 1743 ad
315 1680 525 1746 Aristotelem
543 1685 577 1747 et
593 1682 834 1747 Anaximencm
851 1683 934 1745 inter
951 1703 987 1744 se
1004 1680 1223 1745 conferendos
1239 1703 1430 1767 proponam.

256 1785 451 1852 Aristoteles
475 1790 510 1852 in
526 1799 642 1875 quarta
658 1788 878 1884 conclusionis
894 1798 986 1874 parte
1010 1787 1210 1880 (ἀνάμνησις).
1227 1788 1291 1853 duo
1308 1811 1431 1872 genera

210 1896 212 1901 ’
256 1903 419 1978 segregat,
456 1917 473 1959 e
510 1895 629 1982 quibus
664 1919 765 1961 unum
802 1900 834 1977 ἐξ
869 1899 1175 1988 ἀντιπαραβολῆς
1206 1908 1260 1963 τοῦ
1296 1900 1432 1965 ἐναντίου

257 1999 383 2083 (1419))
408 2000 464 2085 34)
485 2004 579 2081 -oriri,
618 2004 706 2088 quod
733 2025 840 2088 genus
870 2004 979 2088 ipsum
1007 2005 1041 2065 in
1069 2007 1256 2094 εἰρωνείαν
1285 2012 1317 2065 et
1344 2006 1433 2093 ἐρώ-

255 2133 360 2191 τησιν
384 2107 643 2194 subdividitur3),
669 2110 806 2174 alterum
829 2109 957 2192 (142οπ
973 2110 1005 2193 5)
1029 2130 1151 2173 meram
1176 2108 1433 2173 confirmationis

256 2215 482 2299 repetitionem
518 2219 686 2281 continere
715 2217 841 2282 dicitur.
893 2217 999 2280 Huius
1029 2215 1266 2281 distributionis
1294 2216 1434 2298 vestigia

257 2319 290 2381 in
325 2320 532 2386 Anaximene
572 2345 701 2409 quoque
741 2333 928 2388 cernuntur.
986 2323 1070 2386 Nam
1106 2345 1148 2387 ex
1182 2332 1334 2408 quattuor
1368 2320 1433 2385 illis

257 2425 416 2510 partibus,
444 2431 478 2491 in
506 2451 588 2513 quas
616 2436 819 2520 παλιλλογίαν
849 2453 881 2515 p.
910 2429 986 2510 56st
1000 2451 1048 2514 sq.
1079 2429 1208 2510 dirimit,
1238 2429 1322 2493 duae
1352 2449 1433 2492 sane

258 2532 356 2594 etiam
384 2534 473 2618 apud
499 2534 710 2600 Aristotelem
740 2544 924 2619 occurrunt,
962 2535 1034 2600 dico
1064 2541 1237 2627 decipitque,
1276 2557 1360 2623 quae
1387 2549 1432 2625 τῷ

257 2640 499 2730 ἀπολογίζεσθαι
526 2640 562 2705 fit
590 2641 727 2724 (56,17),
759 2664 842 2728 quae
872 2642 988 2706 eadem
1017 2650 1067 2705 est
1091 2664 1130 2706 ac
1155 2643 1327 2727 Stagiritoe
1350 2650 1434 2710 κατὰ

256 2748 340 2837 φύσιν
376 2751 548 2839 ἀνοίρνήσις,
584 2758 682 2834 atque
705 2754 879 2841 ἀνάμνησιν,
905 2771 989 2835 quac
1024 2754 1059 2832 ἐξ
1093 2755 1353 2842 ἐπερωτήσεως
1384 2757 1435 2812 est

259 2850 369 2937 (57,5),
396 2876 480 2939 quae
504 2855 707 2919 adverbum
731 2856 818 2942 apud
833 2855 1045 2920 Aristotelem
1060 2855 1277 2941 revertitur4).
1324 2856 1434 2920 Etiam

258 2960 391 3044 propius
438 2961 482 3025 ad
526 2962 713 3027 Aristotelis
760 2963 955 3028 divisionem
997 2962 1220 3027 Anaximenes
1267 2963 1365 3045 7632
1382 2986 1431 3049 sq.

257 3064 395 3147 accedit,
421 3066 477 3130 ubi
500 3067 631 3152 legitur:
660 3076 706 3138 ἐπὶ
727 3079 857 3163 τελευτῇ
878 3077 1146 3161 παλιλλογήσομεν
1169 3077 1210 3137 τὰ
1232 3077 1434 3161 προειρημένα

259 3176 402 3262 σχήματα
429 3179 631 3266 διαλογισμοῦ
654 3182 805 3268 λαβόντες
826 3182 845 3262 ή
870 3182 1124 3267 ἀπολογισμοῦ
1147 3181 1166 3261 ή
1188 3184 1390 3266 προαιρέσεως
1412 3181 1431 3261 ή

258 3279 292 3356 ἐξ
315 3282 570 3370 ἐπερωτήσεως
591 3287 611 3366 ή
635 3284 864 3374 είρωνείαςῧ).

260 3403 473 3412 *—

369 3472 388 3541 ¹)
408 3472 484 3526 Haec
508 3475 583 3528 enim
605 3477 692 3530 rerba
716 3477 832 3530 eandem
859 3477 915 3530 vim
939 3476 1046 3529 habent
1064 3493 1096 3529 ac
1114 3475 1141 3530 τὸ
1161 3470 1269 3530 ἐπαινεῖν
1288 3475 1331 3529 καὶ
1350 3472 1434 3543 ψέγειν

257 3558 431 3626 (Wendland
450 3579 476 3628 p.
497 3563 531 3615 43
539 3564 568 3628 ³).

367 3649 387 3718 ί)
407 3650 535 3728 Fortasse
555 3653 623 3707 haec
642 3654 770 3708 doctrina
789 3655 874 3708 etiam
892 3654 971 3723 rem
990 3654 1068 3719 latet,
1087 3653 1136 3705 ubi
1154 3655 1251 3706 auctor
1269 3651 1391 3720 augendi
1403 3653 1433 3704 et

257 3735 434 3791 obtrectandi
457 3741 595 3796 rationem
618 3742 657 3795 sic
680 3746 826 3805 memorat,
849 3745 884 3794 ut‘
904 3743 950 3793 vix
974 3741 1120 3794 diiudicari
1137 3740 1234 3809 possit,
1257 3742 1351 3793 utrum
1371 3757 1433 3793 eam

257 3825 294 3876 ad
313 3826 445 3894 βεβαίωσιν
464 3831 535 3883 arrad
553 3835 741 3900 προκατάληψιν
761 3832 832 3884 enad
851 3826 962 3899 ἐπίλοήον
981 3847 1113 3883 revocare
1131 3829 1208 3883 velit.

368 3916 388 3980 ³)
408 3917 497 3970 Aliam
522 3921 661 3987 quendem
684 3922 794 3988 partem
817 3930 854 3984 (v.
874 3919 966 3972 1419b
985 3919 1031 3987 35)
1050 3918 1095 3972 hic
1113 3917 1340 3987 praetermittere
1358 3917 1432 3971 licet.

366 4005 387 4068 4)
407 4004 498 4058 Etiam
524 4009 598 4075 apud
624 4009 712 4061 Anax.
732 4007 811 4076 9531
834 4009 862 4064 τὸ
885 4007 1076 4075 ἀπολογίζεσθαι
1094 4008 1205 4059 tantum
1225 4008 1254 4060 ot
1272 4013 1433 4074 προσερωτάν

260 4090 415 4162 respicitur,
438 4094 492 4147 nisi
514 4095 589 4150 forte
612 4095 657 4148 hic
680 4097 756 4149 locus
779 4099 925 4164 corruptus
949 4098 1000 4151 ost.
1040 4095 1074 4148 In
1096 4094 1316 4162 interrogatione
1339 4098 1434 4148 autem

260 4178 446 4234 Anaximenes
465 4183 482 4235 l.
497 4199 519 4236 c.
539 4183 598 4252 ipse
612 4201 722 4251 quoquc
735 4184 1027 4252 comparationem
1046 4183 1185 4252 quandam
1200 4184 1301 4236 docere
1314 4183 1433 4236 videtur.

259 4264 301 4319 Of.
321 4269 412 4335 9523:
437 4265 489 4325 ἔστι
512 4272 540 4326 δὲ
564 4273 714 4340 μνημονικὸν
737 4279 815 4328 ποιεῖν
835 4313 840 4325 .
860 4313 865 4325 .
885 4313 891 4325 .
911 4312 916 4324 .
936 4279 1133 4341 προοερωτῶντιι
1151 4278 1201 4326 τῶν
1221 4272 1266 4338 μὲν
1291 4278 1384 4327 σαυτοῦ
1402 4276 1434 4326 τὰ

259 4354 381 4426 βέλτιστα,
400 4365 450 4412 τῶν
469 4355 492 4412 δ’
512 4357 629 4415 ἐναντίων
646 4367 679 4416 τὰ
698 4362 850 4430 φαυλὸτατοι.

368 4447 390 4511 ⁵)
420 4445 499 4510 Quod
535 4452 600 4502 ante
633 4444 811 4519 ἐπερωτήσεως
838 4450 1074 4518 praepositionem
1101 4449 1193 4517 ponit,
1220 4448 1289 4502 mihi
1320 4448 1434 4517 quidem
