3278 5206
677 451 898 514 „97-

307 632 418 718 Atque
442 632 540 694 etiam
563 631 597 694 in
620 651 783 715 anonymo
808 627 883 714 Seg.
909 628 928 713 ξ
952 630 1015 693 221
1041 630 1131 713 (445
1155 630 1210 717 G.)
1234 640 1378 725 σχήματα

202 745 494 834 ἀνακεραλαιώσεως
515 737 736 817 inveniuntur,
760 757 778 798 e
796 734 915 820 quibus
932 757 1032 801 unum
1050 736 1165 803 saltem
1183 761 1229 803 se.
1247 745 1378 832 εἰρωνεία

202 871 276 912 cum
312 843 550 930 antiquioribus
587 841 801 928 scriptoribus
837 842 926 911 facit.
989 842 1143 908 Ceterum
1182 868 1376 933 anonymus,

202 954 352 1040 quamvis
376 950 542 1038 epilogum
566 949 609 1013 ad
631 949 788 1014 Isocratis
811 971 959 1014 normam
975 950 1008 1014 in
1025 950 1108 1015 duas
1124 961 1248 1017 tantum
1265 964 1376 1039 partes
1497 989 1499 992 ⁴

201 1059 365 1125 distribuit
388 1057 496 1144 (Marx
516 1079 548 1142 p.
574 1055 663 1141 315),
700 1078 747 1120 sc.
772 1061 1037 1149 ἀνακεφαλαίωσιν
1065 1068 1097 1122 et
1119 1065 1214 1146 nabo,
1243 1063 1376 1124 minime

198 1175 253 1254 τὴν
277 1169 399 1251 αὔξησιν
421 1165 658 1251 praetermittit,
684 1186 781 1248 quam
806 1163 908 1243 §229
933 1162 1042 1246 (45,ss
1061 1163 1117 1249 G.)
1142 1176 1254 1251 aperte
1278 1168 1375 1231 affec·

199 1274 285 1339 tibus
309 1270 486 1336 subnectit:
511 1273 600 1362 ἔργον
623 1266 653 1337 δ’
678 1275 820 1361 ἐπιλόγοο
843 1275 863 1355 ἦ
887 1279 1119 1363 προϋπάρχοντα
1141 1277 1225 1359 πάθη
1247 1277 1377 1359 αὐξῆσαι

197 1387 217 1466 ἢ
240 1385 401 1472 ἐμποιῆσαι
430 1385 471 1469 μὴ
500 1377 617 1460 tow).
665 1375 753 1456 Quin
780 1378 877 1440 etiam
905 1376 993 1441 illam
1026 1378 1225 1443 Theodectis
1249 1390 1375 1466 partem

200 1487 330 1551 disertis
358 1484 470 1548 verbis
499 1483 540 1547 ad
568 1482 730 1567 reliquam
759 1483 1012 1568 explicationem
1036 1484 1224 1571 adiungit2).
1271 1487 1374 1552 Vides

200 1615 276 1678 ergo
301 1594 398 1656 etiam
422 1612 620 1677 anonymum
644 1591 701 1654 vix
724 1589 818 1654 aliter
842 1599 940 1675 atque
960 1591 1203 1656 Anaximenem
1228 1592 1373 1678 singulas

199 1698 320 1785 epilogi
348 1707 458 1784 partes
486 1699 595 1761 minus
627 1698 747 1760 acriter
776 1707 808 1759 et
835 1696 1010 1761 artificiose
1039 1721 1136 1784 quam
1163 1698 1374 1764 Aristotelem

199 1807 399 1870 distinxisse.
440 1803 538 1884 Quod
560 1803 647 1867 idem
665 1800 857 1870 Ciceronem
884 1813 915 1868 et
938 1813 1105 1869 auctorem
1129 1807 1171 1870 ad
1187 1808 1227 1871 H.
1251 1805 1377 1871 fecisse

201 1914 307 1976 statim
333 1910 513 1975 ostendam.
960 1911 963 1916 ’

304 2018 521 2102 Distinguunt
548 2026 657 2082 autem
681 2017 817 2080 Romani
847 2016 944 2101 (auct.
970 2016 1012 2081 ad
1035 2018 1076 2082 H.
1103 2018 1273 2103 1130‚47;
1302 2018 1376 2084 (tie.

198 2125 239 2189 de
262 2127 328 2190 inv.
360 2123 577 2209 152,98sq.)
605 2134 671 2187 tres
697 2123 817 2209 epilogi
844 2133 965 2209 partae,
997 2147 1078 2211 quas
1107 2127 1210 2190 tribus
1240 2148 1282 2190 ex
1309 2126 1372 2189 illis

199 2240 350 2318 quattuor
378 2228 584 2294 Aristoteleis
616 2230 818 2316 respondere
847 2230 911 2294 iam
935 2231 1082 2295 Marxius
1100 2255 1146 2318 p.
1171 2233 1257 2296 3172
1286 2255 1372 2298 com·

197 2337 381 2402 monefacit.

302 2445 353 2509 Ac
381 2444 529 2530 profecto
560 2447 809 2527 enumeratio,
838 2447 943 2530 prima
971 2445 1193 2511 conclusionis
1221 2469 1309 2532 pars,
1338 2451 1372 2512 in

197 2571 261 2634 qua
284 2550 482 2614 nominanda
500 2551 612 2616 Cicero
638 2560 670 2615 et
693 2560 806 2614 auctor
830 2552 872 2615 ad
887 2553 928 2616 H.
953 2553 1163 2636 concordant,
1189 2555 1304 2619 eadem
1322 2566 1373 2619 est

196 2667 293 2742 atque
319 2662 491 2748 ἀνάμνησις,
517 2679 600 2742 quae
625 2656 713 2741 apud
737 2657 884 2721 Graecos
910 2657 1037 2722 dicitur.

302 2763 432 2827 Deinde
466 2763 601 2826 alteram
632 2765 774 2827 auctoris
803 2763 845 2826 ad
872 2763 914 2828 H.
945 2774 1070 2848 partem
1100 2767 1119 2828 i.
1145 2786 1172 2830 e.
1198 2765 1372 2851 amplifi·

197 2867 422 2951 cationem3)
453 2867 481 2948 (I
506 2867 708 2952 {tata-49)
736 2890 811 2931 cum
835 2867 1045 2933 Aristotelian
1073 2869 1185 2952 altera,
1214 2894 1298 2956 quae
1326 2887 1371 2960 τῷ

195 2975 294 3053 αὔξειν
316 2978 335 3057 ἢ
357 2985 513 3042 ταπεινοῦν
538 2972 663 3057 (14195
681 2973 735 3058 20)
760 2977 953 3056 continetur,
979 2977 1177 3040 contendere
1198 2977 1370 3060 debemus,

196 3080 323 3144 etiamsi
347 3082 502 3149 auctoris,
515 3080 557 3144 ad
580 3081 622 3145 H.
647 3079 854 3166 amplificatio
871 3104 1023 3167 magnam
1039 3093 1166 3169 partem
1183 3087 1216 3150 in
1231 3085 1370 3150 affectus

195 3186 292 3263 eadit,
324 3195 360 3250 ut
387 3185 461 3250 ilico
491 3210 533 3251 ex
560 3188 611 3251 his
635 3186 746 3251 verbis
770 3189 981 3275 intellegitur:
1009 3192 1217 3273 amplificatio
1241 3198 1285 3258 eet
1307 3214 1371 3272 ree,

194 3312 273 3373 qnae
284 3276 345 3372 per
361 3293 461 3358 locun
477 3312 669 3360 commanem
683 3297 902 3379 instigationis
916 3298 1097 3363 anditornin
1112 3319 1209 3364 cansa
1220 3301 1369 3363 annitar.

152 3412 155 3417 '
193 3398 236 3461 Et
259 3396 376 3463 Cicero
400 3399 533 3483 quidem
556 3400 691 3465 alteram
716 3402 935 3467 conclusionis
959 3412 1085 3488 partem
1110 3402 1142 3484 (I
1166 3402 1219 3485 53,
1236 3403 1301 3488 54),
1327 3404 1368 3467 dc

194 3506 288 3568 cuius
318 3504 533 3591 explicatione
562 3509 592 3570 ei
621 3495 696 3571 cum
729 3510 887 3593 scriptore
917 3510 959 3575 ad
982 3509 1024 3572 H.
1053 3531 1253 3595 magnopere
1289 3533 1366 3576 con·

192 3613 290 3693 venit,
338 3612 492 3695 quoniam
538 3623 675 3699 uterque
715 3614 850 3678 eosdem
889 3614 1006 3679 decem
1043 3614 1135 3681 locos
1175 3639 1367 3682 communes

192 3718 337 3802 porrigit,
366 3739 432 3782 non
460 3719 556 3784 modo
588 3718 934 3805 indignationem4)
961 3732 1068 3803 vocat,
1098 3723 1158 3787 sed
1191 3726 1288 3788 etiam
1320 3725 1368 3787 sic

193 3862 406 3869 —--———.

192 3927 313 3982 indicare
348 3927 460 3982 videtur
495 3930 549 3984 duo
585 3929 704 4000 σχήματα
739 3932 893 3998 posteriora
930 3931 1033 3986 artiore
1068 3931 1208 3987 affinitate
1241 3935 1364 3988 consoci-

193 4020 240 4071 ata
260 4034 329 4070 esse.
1290 4030 1291 4033 ’

299 4107 320 4172 ¹)
339 4105 374 4159 ef.
393 4105 447 4160 Oic.
466 4109 525 4175 top.
543 4105 631 4172 26,98,

299 4195 319 4262 ²)
339 4194 374 4250 cf.
394 4199 409 4261 ᾖ
427 4195 481 4248 235
500 4195 588 4262 (46,11
610 4194 644 4261 G)
665 4198 694 4249 et
713 4195 852 4250 Gracveni
869 4201 973 4253 notam.

299 4283 318 4353 Β)
338 4283 379 4336 De
398 4284 514 4337 diversis
531 4284 608 4345 locis.
630 4284 678 4337 ubi
697 4285 796 4354 αὔξησις
813 4286 974 4341 inveniatur
993 4290 1083 4357 deque
1107 4288 1270 4356 rationibus,
1290 4306 1362 4357 quae

190 4370 264 4426 inter
283 4372 360 4424 illem
380 4375 409 4426 et
426 4373 501 4427 locos
520 4390 678 4426 communes
697 4377 817 4439 exstent,
836 4376 896 4443 agit
914 4375 1034 4431 Krollius
1052 4397 1081 4447 p.
1099 4377 1152 4431 569
1164 4396 1204 4446 sq.

108 4445 114 4454 ’
297 4462 319 4527 ⁴)
338 4460 355 4512 i.
381 4478 404 4514 e.
428 4462 550 4524 δείνωσιν,
563 4475 655 4529 ¹quam
679 4461 812 4531 Stagirita
836 4464 929 4518 14195
948 4465 983 4518 26
1005 4465 1035 4519 in
1057 4466 1203 4522 effectibus
1225 4471 1362 4522 numerat.

1151 4556 1166 4607 7
