3278 5206
659 419 877 481 ..17-

177 603 230 664 καὶ
264 603 422 687 συμφέρον,
448 595 515 664 ἀλλ’
543 600 577 664 οὐ
600 601 638 663 τὸ
661 602 782 676 δοκοῦν,
807 602 888 663 ὥστε
912 601 946 665 οὐ
969 601 1062 686 νόμος
1085 602 1101 664 ὁ
1124 605 1354 689 γεγραμμένος·-

179 711 212 772 ot
236 709 296 793 γὰρ
320 712 400 770 ποιεῖ
419 708 456 770 τὸ
482 704 629 792 ἔργοντὸ
652 714 709 770 τοῦ
732 708 836 793 νόμου.

284 819 316 872 et
341 807 408 873 Cic.
434 809 469 872 ΙΙ
492 809 628 890 47,138;
652 810 877 874 demonstrabit
900 811 1022 875 nullom
1046 831 1110 876 esse
1134 812 1243 894 teporo,
1274 833 1354 893 quoe

178 917 321 997 aliquam
344 936 409 984 rom
432 916 576 988 inutilem
598 922 654 979 out
676 918 822 997 iniquom
845 917 917 997 {ieri
939 917 1020 981 velit.

285 1023 439 1105 Denique
475 1022 563 1107 apud
593 1021 803 1086 Aristotelem
838 1044 904 1086 non
940 1022 1080 1087 obscure
1116 1033 1220 1088 status
1255 1025 1354 1107 defi-

178 1131 353 1213 otricum)
378 1128 623 1213 significatur2).

286 1237 372 1300 Tum
395 1238 466 1300 eius
491 1257 622 1321 quoque
639 1237 888 1320 argumentandi
903 1238 1048 1314 rationis,
1074 1260 1139 1323 qua
1154 1239 1354 1324 posteriores

179 1344 222 1407 ad
256 1343 512 1428 unumquodque
547 1352 774 1427 argumentum
804 1343 1036 1428 expoliendum
1065 1343 1248 1425 utebantur,
1280 1344 1354 1409 dico

178 1448 479 1530 ratiocinationis,
516 1471 600 1535 quae
630 1448 759 1514 Graece
788 1455 964 1541 ἐπιχείρημα
972 1452 998 1535 6)
1033 1451 1151 1515 dicitur
1182 1450 1238 1536 (cf.
1268 1459 1353 1516 auct.

179 1556 220 1620 ad
244 1556 286 1620 H.
304 1556 338 1619 II
359 1554 436 1642 22),
462 1555 647 1619 rudimenta
671 1555 758 1640 apud
781 1558 908 1642 priores
925 1567 1064 1621 exstant.
1104 1557 1234 1621 Etenim
1251 1555 1354 1642 Spen-

178 1661 318 1747 geliuse)
341 1664 405 1726 iam
430 1663 518 1748 apud
534 1663 713 1726 Isocratem
736 1663 838 1727 multa
861 1674 1055 1748 argumenta
1079 1664 1230 1728 eomodo
1247 1664 1354 1727 fusius

179 1773 311 1834 tractari
345 1770 498 1851 ostendit,
532 1779 569 1833 ut
605 1772 900 1856 „propositionem“
942 1773 1063 1850 „ratio“
1090 1772 1242 1856 excipiat,
1278 1770 1355 1835 dein

181 1877 335 1954 ,rationis
361 1876 595 1958 confirmatio“,
619 1885 688 1940 tum
714 1876 924 1966 „exemplum
949 1878 1002 1941 vel
1027 1877 1165 1959 simile“,
1188 1886 1353 1963 postremo

182 1981 389 2062 ,‚conclusio“
409 1982 639 2069 subsequatur.
685 1983 812 2048 Eodem
827 1984 924 2048 modo
941 1987 1241 2068 argumentationes
1258 2006 1355 2069 expe·

96 2087 98 2091 ’
180 2088 317 2153 diendas
342 2111 417 2154 esse
441 2099 555 2154 auctor
578 2091 620 2155 ad
636 2091 678 2155 H.
704 2091 829 2167 suadet,
856 2093 975 2176 quippe
1001 2114 1083 2177 quas
1107 2092 1141 2154 ΙΙ
1166 2091 1262 2173 18,27
1280 2112 1352 2175 sqq.

179 2198 212 2260 in
226 2199 480 2277 propositionem,
493 2200 657 2275 rationem,
670 2200 806 2264 rotioois
817 2199 1097 2279 confirmationem,
1111 2200 1354 2276 exornationem,

180 2304 419 2384 complecionem
459 2304 596 2370 dirimat.
651 2304 760 2369 Minus
800 2304 943 2369 dilucide
980 2307 1130 2390 quamvis
1165 2325 1255 2369 more
1292 2325 1352 2367 suo

179 2409 278 2474 multo
302 2410 475 2474 verbosius
501 2410 616 2476 Cicero
625 2412 650 2493 6)
682 2411 820 2488 13457
839 2432 909 2496 sqq.
933 2411 974 2475 de
998 2409 1050 2475 his
1073 2410 1173 2475 rebus
1197 2413 1273 2495 agit,
1298 2411 1354 2495 qui

178 2517 256 2580 item
280 2515 474 2580 divisionem
497 2519 532 2580 in
555 2519 700 2603 quinque
723 2527 833 2603 partes
858 2516 1014 2582 tributam
1030 2528 1065 2581 ut
1079 2515 1352 2604 perfectissimam

180 2620 378 2707 comprobat,
404 2624 531 2687 etiamsi
554 2623 718 2687 nonnullis
742 2623 888 2709 partibus
904 2622 967 2688 alia
982 2626 1115 2688 nomina
1129 2623 1221 2688 indit.
1260 2624 1353 2687 ldem

179 2728 195 2792 Ι
218 2729 315 2811 3561
341 2729 427 2793 illam
453 2732 748 2816 quinquepertitam
772 2732 1053 2795 ratiocinationem
1076 2752 1183 2796 omues
1206 2732 1245 2795 ob
1260 2732 1352 2794 Aris·

180 2836 319 2900 totoleot
347 2836 562 2918 Theophrasto
585 2839 747 2919 profectos
772 2840 911 2902 oroaime
933 2845 1054 2903 secutos
1077 2858 1150 2918 esse,
1184 2837 1282 2901 timeo
1310 2858 1352 2899 ne

179 2964 353 3027 perperam
370 2952 540 3007 asseveret
545 2943 588 3028 6.)
628 2944 729 3008 Hoct
716 2952 826 3007 tamen
842 2965 922 3007 cons
924 2952 982 3008 at
1008 2944 1096 3030 apud
1111 2943 1351 3008 Anaximenem

287 3104 352 3169 ¹.)v
381 3100 437 3154 cic.
465 3100 572 3171 18‚11;
596 3100 621 3171 (Ι
640 3101 743 3167 1317
771 3100 1252 3169 1117‚52sqq.;(1151,153sq.;)
1280 3104 1353 3154 auct.

180 3189 215 3241 ad
235 3188 269 3242 H.
289 3188 303 3241 Ι
323 3189 414 3256 12,21;
435 3189 464 3242 II
485 3190 570 3255 12,17.

288 3278 308 3342 6)
329 3277 365 3331 cf.
385 3278 508 3347 Spengel
528 3279 564 3331 ad
576 3279 662 3332 Arist.
681 3279 847 3347 113‚1374a
866 3280 997 3348 1sq.,(p.
1017 3279 1088 3344 180).
1121 3278 1189 3333 Cum
1202 3279 1245 3332 his
1258 3282 1353 3332 autem

179 3365 338 3420 Aristotelis
358 3366 450 3421 verbis
470 3367 562 3420 1374a
579 3369 596 3420 4
615 3368 706 3436 κλέψαι
726 3365 843 3438 piu-dli?
864 3370 909 3440 οὐχ
927 3366 1086 3438 ἱεροσυλῆσαι
1111 3400 1144 3408 -
1171 3369 1199 3424 οὐ
1226 3372 1273 3436 γὰρ
1293 3373 1354 3423 θεοῦ

178 3476 200 3508 τι
218 3485 253 3494 -
272 3453 396 3509 Thielius
414 3474 442 3523 p.
463 3456 514 3508 165
533 3456 592 3509 iure
614 3456 668 3510 Cic.
689 3457 724 3511 de
742 3458 799 3512 inv.
818 3456 920 3524 18,11‚
945 3456 1068 3510 Marxius
1087 3458 1114 3510 in
1140 3456 1205 3510 edit.
1226 3458 1298 3510 auct.
1318 3457 1354 3509 ad

178 3543 213 3595 H.
232 3561 259 3610 p.
280 3542 332 3596 109
351 3548 494 3598 auctorem
514 3563 624 3613 quoque
644 3546 679 3598 ad
697 3547 731 3599 H.
750 3546 765 3599 Ι
785 3546 863 3613 12,22
882 3545 992 3599 confert
1014 3553 1051 3610 (v.
1075 3545 1161 3599 etiam
1189 3560 1270 3598 anon.
1290 3545 1352 3612 Seg.

178 3631 240 3699 433
253 3649 303 3700 sq..
323 3633 365 3686 sd.
387 3632 534 3701 Gramen),
554 3652 617 3688 cum
636 3635 775 3702 sagaciter
800 3634 926 3702 exponit:
945 3638 977 3686 ut
1000 3651 1035 3687 ex
1057 3634 1153 3692 multis
1176 3634 1243 3688 locis
1262 3633 1353 3687 sicar

178 3719 232 3773 hoo
250 3737 360 3788 quoque
380 3723 511 3790 cognosci
528 3739 610 3792 posse
625 3726 747 3790 „quanto
760 3724 849 3790 magis
863 3723 978 3776 Latinus
992 3726 1021 3777 st
1033 3723 1174 3775 Romanus
1187 3723 1224 3775 sit
1236 3722 1354 3791 scriptor

180 3808 216 3860 ad
235 3807 285 3862 H.“
324 3808 433 3878 Nempe
451 3811 540 3864 multo
559 3812 647 3864 maior
669 3814 820 3865 concentus
845 3812 919 3864 inter
945 3811 1105 3864 Ciceronem
1125 3813 1155 3863 et
1172 3811 1353 3865 Aristotelem

180 3913 264 3964 quam
283 3897 357 3951 inter
376 3900 450 3952 hunc
470 3902 499 3952 et
518 3903 661 3954 auctorem
680 3901 716 3953 ad
735 3902 768 3954 H.
789 3900 936 3970 reperitur.

288 3986 529 4056 ⁸.)Vollrmennp
549 3987 831 4058 194sq,Thie1ep
851 3988 910 4041 134.

286 4076 399 4141 ⁴.)Abh
419 4077 445 4129 d.
464 4076 545 4144 Bayr
566 4077 617 4130 Ak.
637 4077 753 4146 lssbop.
772 4078 833 4141 739.

288 4165 309 4231 6)
328 4163 488 4218 Variast
444 4167 488 4217 rat
490 4164 594 4218 iocinat
595 4165 689 4219 ionum
704 4165 910 4220 Ciceroniarum
927 4166 1031 4221 formas
1045 4134 1195 4235 diligenter
1206 4167 1355 4234 percenset

179 4250 403 4320 testimoniisque
421 4253 535 4307 instruit
553 4254 787 4308 Preiswerkiusl.
807 4273 830 4309 c
850 4275 877 4325 p.
897 4255 1029 4309 97-107,

288 4340 497 4410 6)Τ515115ορ.
517 4342 568 4395 131
588 4361 628 4411 sq.
648 4361 711 4397 cum
729 4346 820 4398 totam
835 4344 974 4398 Ciceronis
994 4344 1197 4412 expositionem
1214 4343 1355 4397 tumillud

181 4426 286 4479 dictum
304 4429 482 4496 nugatorium
500 4447 560 4483 esse
579 4433 669 4498 putat.

1140 4522 1157 4573 2
