3278 5206
710 436 930 499 -51-

227 611 443 700 philosophus
467 613 519 693 iis,
545 614 601 697 qui
618 611 704 676 bona
721 611 867 691 consilia,
893 613 997 677 bonos
1014 636 1122 678 mores
1139 636 1218 699 prae
1235 637 1271 678 se
1288 615 1405 691 ferant,

228 719 328 784 fidem
352 719 487 804 adiungi
509 728 609 804 putat.
656 717 778 784 Similis
803 719 950 785 doctrina
974 721 1062 807 apud
1086 722 1192 786 Anax.
1209 721 1262 800 98,
1280 722 1321 786 21
1347 721 1405 806 (cf.

229 829 281 910 84,
308 825 363 912 15)
393 828 570 911 reperitur:
605 833 715 896 δεῖδὲ
742 842 836 919 πικρῷ
864 841 908 918 τῷ
937 830 1007 913 ἤθει
1036 835 1077 918 μὴ
1102 832 1254 911 ἐξετάζειν
1263 830 1297 912 ¹),
1323 833 1406 899 ἀλλὰ

228 935 369 1027 τραεῖῖ)
394 945 505 1003 τοῦτον
528 942 587 1024 γὰρ
611 940 665 1002 τὸν
688 940 798 1025 τρόπον
822 940 850 1004 οἱ
873 941 962 1026 λόγοι
984 941 1136 1026 γινόμενοι
1158 940 1408 1028 πιθανώτεροι

230 1049 416 1133 φανήσονται
443 1052 506 1120 τοῖς
535 1045 702 1122 ἀκούουσιν,
729 1097 735 1109 .
762 1096 769 1110 .
796 1097 802 1110 .
850 1042 952 1108 Porro
982 1041 1053 1106 aliis
1082 1040 1165 1105 locis
1197 1065 1262 1106 non
1290 1045 1407 1128 paucis

229 1149 453 1213 Anaximenes
481 1150 618 1233 respicit
644 1152 738 1229 δόξαν
766 1155 876 1235 ἐπιεικῆ
904 1161 960 1218 τοῦ
983 1157 1140 1240 λέγοντος,
1171 1168 1254 1234 quae
1277 1170 1402 1213 nuncn-

229 1254 365 1342 patum).
406 1255 460 1320 Sic
485 1254 650 1319 Isocrates
676 1277 806 1341 quoque
830 1279 896 1320 non
920 1255 1023 1320 semel
1046 1266 1144 1342 atque
1166 1258 1323 1342 imprimis
1339 1257 1404 1321 XV

230 1362 418 1443 ate—80⁴²)
442 1364 521 1447 ἦθος
536 1361 589 1426 vel
605 1368 764 1431 ἐπιείκειαν
780 1363 833 1426 vel
847 1367 943 1444 δόξαν
959 1376 1016 1434 τοῦ
1031 1369 1176 1453 λέγοντος
1193 1386 1290 1449 quam
1307 1361 1406 1450 pluri-

231 1492 321 1534 mum
344 1469 486 1555 plusque
504 1491 601 1555 quam
619 1480 810 1554 argumenta
826 1471 869 1535 ad
884 1471 924 1535 iis
942 1473 997 1557 qui
1014 1469 1150 1535 audiunt
1165 1469 1265 1535 fidem
1282 1469 1406 1534 facien-

230 1577 305 1642 dam
330 1575 480 1641 conferre
504 1586 685 1640 asseverat.
731 1577 888 1642 Isocratis
913 1587 1021 1642 autem
1044 1563 1117 1642 loco
1142 1578 1219 1660 (XV
1235 1575 1406 1659 ate-80)

229 1686 274 1748 ita
296 1681 512 1764 memorabili,
541 1693 576 1746 ut
605 1705 679 1748 eum
704 1680 911 1770 allegandum
936 1706 1011 1749 esse
1035 1687 1229 1771 putaverim,
1255 1685 1404 1770 quamvis

230 1789 297 1855 iilic
320 1793 398 1875 ἦθος
414 1813 480 1854 non
498 1788 604 1854 solum
621 1792 655 1854 in
671 1792 866 1874 narratione,
884 1791 944 1855 sed
960 1794 992 1855 in
1009 1801 1076 1855 tota
1092 1793 1238 1857 eratione
1249 1792 1407 1876 gravissi-

230 1920 320 1962 mum
349 1920 424 1961 esse
454 1898 621 1979 doceatur,
653 1895 836 1962 simillimus
865 1908 916 1963 est
943 1897 1162 1963 Aristoteieus
1194 1897 1405 1983 laaoaesq,

122 2012 126 2018 “
230 2005 287 2070 ubi
321 2005 364 2069 ad
395 2027 530 2069 causam
557 2004 760 2090 probandam
790 2012 898 2097 σχεδὸν
927 2015 967 2085 ὡς
996 2011 1083 2075 εἰπεῖν
1111 2013 1301 2097 κυριωτάτην
1329 2007 1407 2097 ἔχειν

231 2119 327 2181 πίστιν
350 2118 386 2181 τὸ
409 2115 487 2197 ἦθος
511 2109 614 2197 (a13),
638 2114 658 2176 i.
674 2134 701 2177 e.
726 2119 781 2198 τὴν
805 2118 962 2182 ἐπιείκειαν
977 2125 1033 2183 τοῦ
1049 2119 1193 2204 λέγοντος
1208 2110 1301 2198 (all)
1320 2133 1405 2176 oom-

231 2241 387 2305 perimus.

337 2326 407 2390 Nec
431 2326 631 2411 posteriores
655 2324 718 2390 hoc
741 2328 828 2412 ἦθος,
853 2327 941 2412 quod
966 2325 1104 2413 quadrat
1119 2328 1151 2390 in
1168 2333 1347 2418 προαίρεσιν,
1372 2327 1406 2388 in

232 2435 327 2512 δόξαν
354 2444 410 2501 τοῦ
438 2438 583 2523 λέγοντος
611 2434 881 2517 praetermittunt.
927 2433 1011 2498 Nam
1034 2452 1100 2497 una
1124 2432 1165 2497 de
1189 2432 1406 2518 peristantiis:

227 2555 438 2619 personarum
467 2539 640 2622 dipsitotee
668 2537 751 2624 (Cic.
781 2539 798 2603 I
825 2539 879 2622 21,
905 2541 961 2623 293
992 2550 1077 2605 auct.
1107 2539 1149 2604 ad
1176 2539 1218 2604 H.
1244 2533 1314 2621 19,
1341 2535 1405 2622 16),

233 2664 318 2732 quae
340 2647 532 2732 peristantia
554 2647 589 2710 in
614 2644 784 2711 Ciceronis
808 2648 926 2732 topicis
951 2645 1004 2728 26,
1022 2646 1064 2711 97
1087 2669 1154 2711 una
1170 2657 1221 2712 est
1238 2645 1279 2710 de
1295 2669 1405 2710 narra-

174 2772 177 2779 ‘
231 2753 329 2818 tionis
358 2752 544 2835 virtutibus,
581 2776 598 2817 e
628 2752 747 2839 quibus
776 2753 796 2819 l.
827 2774 854 2818 o.
885 2776 946 2817 sex
974 2752 1082 2837 habet,
1118 2761 1229 2839 aperte
1258 2753 1300 2816 ad
1327 2756 1407 2837 ἧ9ος

232 2859 467 2946 praestandum
498 2870 634 2946 spectat.
680 2860 745 2926 Vel
776 2862 921 2946 apertius
953 2859 1070 2925 Cicero
1099 2870 1180 2946 part.
1211 2882 1256 2923 or.
1286 2860 1316 2937 9,
1347 2858 1406 2923 32:

227 2967 413 3049 probabilia,
450 2970 504 3050 ait,
540 2971 600 3032 crit
633 2971 788 3049 narratio,
813 3017 820 3031 .
846 3020 852 3032 .
877 3014 885 3030 .
909 2972 939 3035 si
966 2968 1114 3050 probitas
1147 2968 1312 3033 narrantis
1345 2969 1407 3049 sip·

232 3075 426 3156 atficcbitar,
462 3077 492 3140 si
519 3076 704 3156 antiquitas,
739 3077 769 3139 si
803 3077 964 3157 memorio,
989 3077 1018 3140 si
1052 3077 1207 3141 orationis
1239 3075 1357 3140 veritos
1379 3079 1409 3138 ct
1453 3120 1456 3124 -

233 3183 316 3246 oitbe
338 3181 428 3262 fides.

237 3290 243 3296 ’
340 3288 384 3352 abt
411 3291 451 3371 is,
489 3289 544 3372 qui
570 3287 716 3374 ἦθικῶςῧ)
749 3310 842 3354 orare
871 3288 951 3371 vult,
986 3311 1052 3353 non
1082 3287 1188 3353 solum
1219 3288 1408 3371 dignitatem

235 3417 329 3459 suam
359 3404 391 3459 et
418 3396 571 3460 virtutem
596 3405 760 3460 ostentare
786 3396 891 3478 debet,
923 3395 1103 3460 sedetiam
1128 3398 1258 3459 omnino
1284 3415 1329 3458 ex
1352 3395 1408 3456 in·

233 3499 316 3566 fixa
344 3523 413 3568 sua
441 3513 473 3566 et
501 3504 611 3567 innata
639 3501 786 3567 indolis
814 3504 1060 3589 proprietate
1085 3513 1116 3566 et
1139 3500 1273 3565 vivendi
1297 3499 1409 3563 condi·

235 3611 338 3685 cione,
364 3630 426 3672 nee
450 3630 515 3672 non
538 3610 721 3694 respiciens
746 3607 923 3683 aliarum,
948 3607 989 3672 de
1007 3608 1127 3694 quibus
1143 3610 1250 3693 agitur
1272 3627 1407 3693 perso-

342 3839 363 3907 1)
383 3837 417 3892 a.
437 3854 519 3892 anon.
539 3838 602 3906 seg.
623 3839 639 3908 a
659 3836 693 3890 ra
711 3817 750 3902 ιι,
769 3837 857 3906 ταν
876 3833 1014 3907 ἐπιεικὴς
1033 3838 1062 3893 aa
1080 3838 1157 3902 aaa<
1178 3881 1183 3891 .
1206 3877 1211 3890 .
1232 3878 1238 3890 .
1257 3838 1301 3891 ιιι
1318 3843 1349 3912 ap
1367 3830 1409 3890 a·

236 3932 296 4004 βολῇ
315 3933 359 3983 τοῦ
377 3926 450 3996 λόγου
470 3926 505 3995 μὴ
523 3932 617 3995 πικοᾷ
634 3930 770 3998 χρώμενος.

343 4016 364 4084 ²)
384 4015 418 4070 of.
438 4014 599 4072 Wandland
618 4034 644 4084 p.
664 4016 699 4068 26
707 4017 724 4070 ².

343 4105 363 4171 ⁹)
383 4104 418 4159 ef.
437 4104 598 4158 Wendland
616 4123 644 4173 p.
663 4104 707 4173 50,
727 4104 770 4157 54.

342 4195 364 4259 ⁴)
383 4194 459 4248 Alios
479 4191 651 4248 Sheehanius
669 4212 697 4263 p.
716 4181 823 4248 34-35
843 4199 997 4249 enumerat.

343 4284 364 4350 Β)
384 4283 426 4337 De
447 4283 551 4351 duplici
569 4281 647 4351 ἤθους
664 4281 755 4336 forma
774 4313 808 4322 -
827 4286 857 4337 et
873 4284 1044 4338 recentiores
1064 4284 1176 4352 quidem
1189 4282 1339 4352 diligenter
1351 4278 1412 4348 ἦθος

237 4374 372 4442 φιλόσοφον
400 4372 429 4425 et
452 4373 578 4441 ῥητορικὸν
602 4370 813 4440 distinguebant
835 4403 870 4412 —
894 4373 929 4426 ef.
949 4372 1210 4442 Radermacher,
1233 4371 1286 4428 Rh.
1306 4371 1342 4423 M.
1367 4370 1411 4438 54,

238 4461 309 4516 1899
326 4479 353 4530 p.
374 4461 426 4515 376
437 4478 496 4530 sqq.
