3278 5206
649 413 870 475 -51-·

170 607 194 649 a
220 587 363 651 civilibus
398 589 502 652 cauma
529 594 682 652 remotum
711 611 785 652 esse
815 591 920 674 aiunt,
953 593 1129 675 praeterire
1158 614 1345 676 possumus.

173 692 350 776 Agendum
376 696 548 778 igiturest

440 801 486 864 de
510 803 780 866 narrationum
805 803 1081 889 dispositione.

173 905 396 972 Anaximenes
432 931 502 994 cap.
541 909 582 973 31
614 918 680 972 tres
708 914 826 991 τάξεως
854 910 968 974 modos
1002 910 1172 990 discernit,
1210 934 1348 997 quorum

172 1016 318 1099 primus
343 1014 455 1100 (73,13
470 1013 533 1101 sq.)
559 1024 590 1078 et
613 1018 756 1080 tertius
780 1015 892 1102 (73‚21
912 1016 975 1103 sq.)
1001 1019 1057 1081 vix
1079 1018 1202 1082 diversi
1227 1022 1346 1104 sumt),

172 1120 206 1183 id
234 1121 322 1206 quod
352 1125 585 1209 quamvisper
610 1145 645 1186 se
670 1125 883 1210 perspicuum
907 1122 970 1187 alio
993 1123 1066 1188 loco
1092 1126 1267 1211 88‚11sq.‚
1292 1126 1348 1190 ubi

175 1227 239 1291 duo
263 1237 386 1292 tantum
412 1229 509 1294 modi'
524 1239 766 1312 enumerantur,
791 1230 887 1316 plane
913 1233 1081 1295 evincitur.
1122 1232 1214 1295 Haec
1238 1242 1347 1296 autem

171 1355 237 1398 una
254 1344 286 1398 et
301 1338 420 1400 usitata
438 1338 631 1401 narrationis
649 1337 874 1423 disponendae
890 1341 971 1402 ratio
989 1359 1028 1400 ea
1045 1348 1103 1420 est,
1126 1361 1190 1425 qua
1206 1342 1347 1403 narratio

173 1451 247 1526 post
269 1446 472 1528 prooemium
506 1453 537 1506 et
568 1453 642 1507 ante
674 1447 989 1528 argumentationem
1017 1447 1124 1531 posita
1146 1467 1211 1510 uno
1235 1447 1348 1511 tenore

171 1547 355 1612 detexatur.
403 1550 445 1615 cf.
474 1550 582 1614 Anax.
608 1551 720 1632 7332:
746 1557 782 1619 ἂν
805 1557 842 1619 δὲ
866 1555 936 1620 ὦσιν
960 1557 991 1620 αἱ
1013 1556 1134 1642 πράξεις
1158 1561 1276 1644 μέτριαι
1297 1559 1350 1622 καὶ

174 1659 382 1747 ἀγνοούμεναι,
399 1665 454 1742 τὴν
470 1662 658 1748 ἀπαγγελίαν
677 1712 683 1725 .
702 1712 709 1725 .
729 1712 735 1725 .
754 1713 761 1726 .
779 1663 826 1726 ἐπὶ
841 1672 884 1744 τῷ
902 1666 1029 1751 φροιμίῳ
1045 1664 1095 1727 δεῖ
1110 1666 1348 1751 σωματοειδῆ

171 1769 305 1856 τάττειν.
371 1763 478 1843 Quam
518 1766 713 1828 narrationis
753 1762 1001 1828 collocationem
1043 1774 1075 1828 et
1113 1766 1349 1830 institutionem

174 1866 419 1954 Apollodorei2)
443 1870 546 1935 solam
570 1870 791 1934 adsciverunt.

280 1975 457 2041 Alteram
511 1977 706 2063 disponendi
761 1980 918 2042 rationem
972 1978 1197 2042 Anaximenes
1252 1966 1349 2060 73,1o

173 2078 220 2164 (ε
248 2081 360 2168 88,12)
393 2084 611 2166 commendat,
648 2106 722 2148 cum
757 2084 872 2168 longas
907 2086 1111 2149 narrationes
1142 2084 1288 2148 dividere
1317 2094 1349 2147 et
1451 2172 1453 2175 Ι

170 2192 447 2272 argumentationi
471 2193 616 2254 inserere
640 2190 743 2254 iubet:

242 2294 347 2360 Anax.
373 2297 486 2379 73,16:
511 2302 585 2366 ὅταν
607 2304 643 2366 δὲ
666 2303 733 2366 λίαν
855 2300 954 2361 Arist.
971 2298 1022 2361 Ill
1041 2297 1208 2379 16,14161)
1227 2298 1268 2361 16
1279 2319 1345 2382 sq.:

175 2404 246 2468 ὦσιν
274 2407 305 2470 αἱ
332 2407 455 2494 πράξεις
482 2411 595 2473 πολλαὶ
618 2412 670 2473 καὶ
694 2411 734 2495 μὴ
788 2411 926 2495 διήγησις
960 2413 990 2473 ἒν
1019 2412 1072 2496 μὲν
1099 2416 1162 2485 τοῖς
1189 2410 1346 2472 ἐπιδεικτι-

169 2516 327 2600 ’γνώριμοη
351 2507 420 2602 παρ’
437 2515 567 2579 ἕκαστον
583 2518 735 2591 σοναπτὰς
788 2521 853 2591 κοῖς
870 2517 950 2580 ἐστιν
967 2518 1022 2580 οὐκ
1034 2515 1151 2605 ἐφεξῆς,
1169 2515 1251 2580 ἀλλὰ
1266 2517 1349 2579 κατὰ

172 2622 339 2708 ποιήσομεν
367 2623 419 2685 καὶ
442 2623 563 2697 δικαίας
586 2623 637 2685 καὶ
660 2645 734 2709 oop-
791 2626 882 2709 μέρος
908 2672 966 2687 ...
992 2619 1033 2681 22
1055 2623 1151 2686 ἐνίοτε
1169 2623 1224 2686 οὐκ
1240 2621 1349 2709 ἐφεξῆς

172 2727 323 2814 φερούσας
370 2730 423 2792 καὶ
469 2731 568 2804 καλὰς
619 2727 734 2816 ἄπορα·
789 2730 840 2791 δεῖ
866 2728 1041 2814 διηγεῒσδαι
1067 2730 1175 2804 πάντα,
1205 2728 1252 2791 ότι
1274 2730 1347 2791 δυσ·

176 2840 294 2919 νοῦμεν,
329 2835 376 2898 ίνα
407 2837 446 2921 μὴ
476 2837 567 2920 μόνον
594 2855 733 2919 πραγμα-
791 2837 993 2921 μνημόνευσον
1016 2835 1053 2896 τὸ
1073 2833 1223 2897 δεικνύναι
1239 2834 1347 2910 οὕτως’

175 2940 380 3025 τολογρῦντες
406 2943 541 3006 ἁπλοῦν
564 2942 617 3004 τὸν
640 2942 735 3026 λόγον
790 2942 825 3004 ἐκ
849 2942 902 3027 μὲν
926 2939 977 3004 οὖν
999 2940 1116 3004 τούτων
1140 2940 1284 3026 ἀνδρεῖος,
1314 2941 1350 3003 ἐκ

173 3047 226 3109 καὶ
243 3049 467 3133 μὴποικίλον
487 3056 626 3134 ποιῶμεν,
653 3047 735 3111 ἀλλὰ
788 3048 825 3110 δὲ
850 3049 948 3110 τῶνδε
977 3048 1069 3132 σορὸς
1091 3047 1110 3127 ἢ
1133 3049 1264 3122 δίκαιος·
1297 3050 1349 3111 καὶ

174 3154 226 3216 καὶ
247 3162 308 3217 τῶν
333 3153 504 3218 ἀκουόντων
526 3158 584 3230 τὰς
599 3156 734 3229 διανοίας
789 3151 1039 3239 ἁπλούστερος
1074 3156 1089 3217 ό
1125 3150 1219 3241 λόγος
1250 3138 1351 3230 οὗτος

176 3257 389 3348 ἀναλάβωμεν.
789 3261 901 3336 ἐκεῖνος
910 3262 947 3324 δὲ
962 3261 1127 3335 ποικίλος
1143 3261 1195 3322 καὶ
1208 3260 1242 3322 οὐ
1254 3260 1348 3336 λιτός.

281 3361 384 3426 Vides
414 3384 491 3447 ergo
520 3371 693 3447 utrumque
727 3364 920 3448 scriptorem
944 3363 977 3424 in
1001 3360 1128 3424 duabus
1153 3358 1216 3423 illis
1241 3360 1349 3446 dispo-

160 3455 274 3532 ¹uendi
319 3469 498 3532 rationibus
547 3467 772 3553 significandis
820 3469 954 3533 eosdem
994 3469 1151 3530 terminos
1189 3488 1349 3551 usurpare

169 3574 346 3639 distinctos
383 3586 415 3640 et
443 3576 604 3639 definitos.
653 3577 702 3640 Ac
729 3573 876 3660 profecto
906 3584 1005 3638 totam
1035 3572 1123 3637 illam
1152 3572 1192 3636 de
1220 3572 1348 3636 duobus

177 3681 330 3746 narrandi
366 3682 471 3746 modis
507 3682 687 3747 doctrinam
724 3681 765 3745 ad
802 3703 1006 3745 communem
1042 3678 1238 3744 rhetoricam
1277 3701 1349 3765 per·

177 3788 291 3867 tinere,
327 3789 362 3852 id
396 3811 459 3853 non
497 3787 603 3853 solum
631 3787 685 3852 illo
714 3810 812 3874 quem
843 3787 1045 3852 ostendimus
1075 3808 1239 3851 consensu
1266 3787 1350 3849 inter

174 3979 271 4036 Jahrb.
290 3980 310 4036 f.
334 3982 404 4034 Phil.
431 3982 489 4049 147,
509 4000 537 4050 p.
555 3981 692 4049 403sqq.;
717 3981 746 4033 E.
766 3981 896 4034 Rohde:
923 3980 966 4035 Kl.
986 3979 1100 4037 Schrift.
1118 3979 1156 4047 ΙΙ,
1176 3979 1251 4048 Lips.
1271 3978 1349 4046 1901,

176 4086 203 4136 p.
222 4069 257 4122 36
267 4087 340 4138 sqq.;
359 4070 405 4125 W.
424 4070 573 4124 Schmid:
593 4070 671 4123 Neue
689 4069 786 4123 Jahrb.
805 4069 882 4137 XIII,
897 4068 973 4134 1904,
993 4088 1020 4139 p.
1039 4069 1170 4136 471sqq.‚
1190 4068 1350 4121 Reitzen-

175 4159 280 4213 stein:
299 4156 515 4213 Hsllenistischa
533 4158 858 4226 Wundererzdhlungem
877 4158 951 4227 Lips.
971 4157 1049 4223 1906,
1068 4175 1094 4226 p.
1114 4156 1149 4209 84
1160 4173 1219 4224 sqq.

284 4250 304 4313 1)
323 4246 403 4301 Idem
423 4248 584 4302 Graevenus
603 4265 629 4315 p.
649 4248 684 4300 24
702 4248 731 4300 in
751 4248 843 4300 adnot.
864 4247 900 4300 ad
919 4251 934 4312 ξ
954 4246 1006 4299 129
1025 4245 1154 4302 affirmat.

284 4337 304 4402 ί)
318 4336 431 4401 Schanz,
442 4337 562 4391 Hermae
571 4337 648 4389 XXV
656 4355 683 4404 p.
694 4335 809 4390 att-48.
834 4334 875 4390 Of.
890 4351 970 4390 anon.
982 4335 1044 4403 Sag.
1055 4335 1069 4404 ᾗ
1081 4333 1132 4387 124
1146 4333 1238 4403 (23‚15
1252 4334 1297 4401 G.)
1309 4351 1352 4411 sq.

121 4447 123 4454 ·
171 4427 207 4478 et
225 4425 241 4496 ᾗ
261 4425 312 4478 132
332 4425 466 4494 (25,5)sq.
487 4421 524 4492 (ἓν
543 4433 633 4494 σῶμα
651 4425 695 4494 τὴν
714 4425 825 4494 διήγησιν
844 4423 975 4492 ποιητέον).

1136 4513 1168 4564 4*
