3278 5206
654 438 876 504 ..27-

178 620 272 702 tales,
296 617 477 704 Dionysius
494 615 580 699 Hel,
605 638 789 703 anonymus
806 617 882 702 Seg.
907 619 1048 703 primum
1065 619 1192 684 exordii
1209 618 1355 683 officium

179 731 346 821 εὐμάθειαν
367 722 533 810 appellare
558 722 673 802 solent,
692 725 745 788 eui
761 746 944 810 anonymus
962 723 1037 810 Seg.
1055 735 1123 789 tres
1139 733 1249 811 partes
1267 725 1356 791 subi·
1445 779 1448 783 ,

177 838 229 917 cit,
255 853 393 920 quarum
428 833 567 918 primam
601 853 668 895 non
701 831 807 896 solum
840 836 1022 923 προέκθεσιν
1042 842 1147 911 vocat,
1174 831 1355 896 sedetiam

178 944 241 1008 hoc
264 940 365 1006 modo
387 939 501 1003 definit
524 937 546 1023 ξ
572 939 611 1002 ll
637 938 680 1024 (p.
704 938 761 1020 3‚8
784 937 855 1023 (λλ
879 943 1059 1030 προέκθεσις
1087 947 1139 1030 μέν
1163 945 1257 1022 ἐστιν,
1281 944 1355 1008 όταν

176 1055 197 1119 ἃ
232 1056 340 1142 μέλλει
372 1074 418 1128 τις
449 1052 551 1136 λέγειν
585 1054 624 1126 ὡς
659 1051 696 1114 ἐν
727 1042 918 1138 κεφαλαίῳ
943 1051 1144 1137 προεκθῆεαι,
1169 1056 1246 1131 post
1269 1068 1355 1132 quae

176 1155 280 1221 verba
294 1155 436 1219 fortasse
456 1151 704 1238 praecedentia:
729 1157 876 1234 εἰδότες
897 1161 957 1245 γὰρ
982 1158 1016 1222 οἱ
1039 1157 1252 1235 ἀκούοντες,
1277 1160 1355 1245 περὶ

96 1320 97 1323 ¹
177 1268 225 1333 ὤν
249 1268 282 1332 οἱ
304 1268 428 1351 λόγοι,
465 1263 684 1351 εὐμαθέστεροι
708 1265 889 1351 γενήσονται
915 1259 1094 1323 inserenda
1116 1262 1233 1343 suntl).
1280 1259 1356 1340 Quo

177 1370 268 1434 facto
291 1365 466 1432 similitudo
501 1367 585 1429 inter
614 1387 813 1452 anonymum
837 1365 915 1450 θος.
940 1375 973 1430 et
995 1365 1207 1430 Aristotelem
1230 1365 1353 1430 Anaxi·

179 1494 375 1561 menemque
400 1495 441 1537 eo
464 1475 569 1556 magis
593 1473 772 1558 apparebit.
819 1473 890 1538 Neo
913 1471 977 1537 alia
1000 1472 1186 1557 Dionysius
1210 1471 1252 1536 de
1274 1474 1352 1560 Lys.

175 1581 354 1666 35,14(0f.
380 1581 491 1666 28,17)
516 1581 631 1648 Us-R.
657 1582 858 1681 suppeditet:
883 1588 935 1649 καὶ
959 1588 1015 1672 μὴν
1039 1584 1080 1661 εἴς
1101 1605 1140 1670 γε
1154 1587 1193 1649 πθ
1209 1587 1355 1674 εὐμαθεῖς

176 1698 248 1770 τοὺς
282 1695 442 1783 ἀκροατὰς
474 1704 598 1778 ποιῆσαι
631 1695 789 1760 κελεύουσι
824 1696 1103 1782 συστρέψαντας
1137 1689 1181 1772 (θ.
1213 1713 1241 1756 e.
1265 1690 1353 1754 idern

177 1797 265 1883 quod
288 1804 320 1866 ἐν
342 1797 510 1892 κεφαλαίῳ)
543 1803 653 1866 εἰπεῖν
679 1804 721 1866 τὸ
751 1809 918 1890 πρᾶγμα,
951 1803 1012 1867 ἵνα
1036 1807 1081 1890 μὴ
1105 1804 1266 1890 ἀγνοῶσι
1288 1805 1355 1882 τὴν
1448 1854 1452 1861 .

176 1908 353 1975 ὑπόθεσιν
375 1911 403 1975 οἱ
425 1912 570 1974 δικασταί
594 1954 767 1970 ......
792 1912 844 1973 καὶ
865 1911 904 1974 πὸ
919 1913 1077 1997 προοίμιον
1107 1909 1354 1975 ὑποτίθεσθαι

179 2007 229 2079 ἀπ’
254 2017 349 2104 ἀρχῆς
370 2019 423 2082 καὶ
452 2019 588 2103 δεῖγμα
617 2024 683 2081 τοῦ
713 2018 930 2102 πράγματος
958 2021 1152 2104 ποιουμένους
1175 2021 1236 2077 etc.
1282 2012 1354 2075 Nee

177 2119 317 2184 Romani
341 2122 519 2205 scriptores
543 2121 576 2182 in
592 2118 752 2184 docilitate
767 2116 964 2204 explicanda
980 2119 1178 2205 discrepant.
1197 2118 1239 2183 ef.
1257 2139 1353 2182 anon.

179 2224 221 2288 ad
244 2226 287 2290 H.
312 2225 329 2288 I
353 2227 422 2308 4‚7:
459 2225 583 2290 dociles
608 2224 774 2290 auditores
801 2225 924 2290 habere
958 2229 1150 2312 poterimus,
1186 2227 1216 2289 si
1245 2247 1353 2288 sum-

178 2353 274 2395 mam
308 2353 452 2397 causae
480 2331 656 2396 breviter
691 2353 939 2418 exponemus.
986 2333 1103 2419 Aeque
1128 2331 1196 2398 cio.
1222 2331 1352 2396 deiriv.

178 2437 195 2500 I
220 2438 315 2518 1633
339 2439 382 2505 cf.
408 2438 450 2503 (le
473 2448 552 2503 orat.
577 2438 594 2502 I
617 2437 757 2520 48,209:
781 2447 864 2524 part.
890 2461 935 2503 or.
961 2439 1046 2516 839.

285 2544 449 2631 Sequitur,
477 2555 513 2609 ut
548 2543 735 2629 diligentius
758 2546 1007 2631 investigemus,
1041 2546 1197 2632 quidnam
1212 2555 1216 2564 '
1233 2544 1354 2630 singuli

178 2661 329 2716 auctores
361 2650 423 2716 sub
451 2673 534 2716 voce
563 2657 729 2744 εὐμαθείας
763 2652 1081 2739 comprehenderint,
1111 2652 1189 2739 quid
1214 2651 1255 2716 de
1279 2674 1352 2738 pro-

178 2759 341 2843 positione
365 2759 584 2823 iudicaverint
601 2779 764 2844 quemque
782 2760 813 2823 ei
828 2757 937 2823 locum
954 2757 1168 2841 attribuerint,
1185 2766 1354 2844 postremo

180 2886 264 2951 quae
297 2867 441 2929 rationes
476 2867 562 2931 inter
594 2871 738 2957 πρόθεσιν
771 2873 804 2928 et
836 2871 980 2957 διαίρεσιν
1015 2867 1098 2948 (sive
1134 2865 1292 2957 μερισμόν)
1317 2866 1350 2928 in

177 2973 344 3057 prooemio
379 2981 412 3036 et
444 2971 521 3036 alibi
557 2969 734 3036 collocatas
768 2971 986 3036 intercedent.
1032 2971 1120 3039 Nam
1151 2992 1265 3036 omnes
1288 2971 1354 3037 hee

179 3075 448 3164 quaestiunculae
471 3079 635 3143 artissime
659 3080 745 3143 inter
768 3101 805 3143 se
830 3077 1015 3143 cohaerent.

285 3184 395 3271 Atque
429 3184 518 3272 apud
553 3183 764 3251 Aristotelem
797 3187 831 3250 in
867 3207 906 3250 eo
942 3185 1149 3268 offendimus,
1186 3185 1275 3271 quod
1297 3182 1353 3249 ille

177 3296 368 3383 πρόθεσιν
391 3303 423 3356 et
447 3297 650 3384 εὐμάθειαν
673 3314 739 3356 non
762 3315 822 3379 pro
846 3290 963 3357 iisdem
987 3291 1120 3370 habere,
1147 3292 1210 3356 *sed
1233 3313 1351 3378 propo·
1413 3280 1416 3285 ⁸

178 3399 328 3463 sitionem
352 3400 482 3463 omnino
503 3422 523 3463 a
538 3397 643 3463 tribus
660 3399 787 3465 exordii
802 3401 989 3486 praeceptis
1004 3397 1189 3464 rhetoribus
1206 3397 1352 3484 probatis

178 3506 350 3590 seiungere
385 3505 525 3571 videtur.
574 3505 671 3586 Quod
703 3508 862 3593 imprimis
897 3505 960 3569 hoc
994 3504 1067 3571 loco
1097 3507 1215 3570 iterum
1249 3503 1359 3593 philo-⁸

177 3612 326 3698 sophiam
341 3612 511 3679 redolente
527 3612 586 3697 (cf.
602 3612 697 3677 Marx
713 3636 745 3699 p.
763 3611 840 3696 258)
863 3610 973 3698 colligi
995 3622 1104 3699 potest
1121 3611 1237 3677 l4lbb
1254 3613 1351 3697 4sq.:

177 3725 227 3787 θεῖ
247 3725 285 3788 st
309 3726 349 3812 μὴ
372 3724 535 3789 λανθάνειν
564 3725 612 3788 ότι
641 3726 742 3788 πάντα
771 3721 829 3800 ἔξω
862 3731 920 3787 τοῦ
948 3725 1046 3807 λόγου
1073 3726 1115 3786 τὰ
1138 3731 1267 3787 τοιαῦτα
1289 3720 1351 3801 (so.

177 3827 240 3888 tria
262 3827 421 3912 prooemii
445 3827 646 3913 praecepta).
670 3833 744 3918 πρὸς
772 3833 890 3919 φαῦλον
903 3832 962 3916 γὰρ
978 3830 1133 3917 ἀκροατὴν
1156 3832 1272 3894 καὶτὰ
1294 3829 1353 3907 ἔξω

179 3943 233 4000 ποῦ
267 3939 448 4026 πράγματος
471 3937 633 4015 ἀκούοντα,
664 3939 726 4002 ἐπεὶ
755 3937 792 4001 ἂν
815 3938 856 4025 μὴ
880 3944 1021 4013 τοιοῦτος
1043 3935 1073 4024 ᾗ,
1098 3937 1191 4001 οὐθὲν
1211 3939 1261 4001 θεῖ
1280 3959 1352 4024 προ-

181 4045 289 4132 οιμίου,
314 4038 384 4110 ἄλλ’
407 4044 429 4125 ἢ
452 4044 523 4109 ὅσον
546 4046 582 4108 τὸ
604 4051 731 4132 πρᾶγμα
747 4044 834 4108 εἰπεῖν
850 4045 1082 4134 κεφαλαιωδῶς.
1129 4037 1249 4104 Verbis
1266 4040 1353 4103 enim

178 4195 245 4249 bule
257 4197 403 4252 rhetorica
421 4197 477 4251 suis
495 4197 668 4267 temporibus
696 4197 801 4251 usitata
820 4196 965 4250 substituit
984 4195 1031 4264 (ef,
1050 4195 1212 4251 Wendlund
1230 4214 1257 4264 p.
1277 4195 1352 4260 28¹).

179 4283 296 4340 Constat
323 4290 419 4342 tamen
447 4285 491 4340 bis
511 4286 668 4356 composita
686 4303 724 4341 ne
742 4289 841 4354 quarto
861 4285 973 4354 quidem
995 4286 1108 4340 sseoulo
1124 4285 1237 4340 omnino
1254 4285 1354 4354 ignote

177 4373 272 4430 fuisse.
292 4374 328 4428 cf.
348 4392 371 4428 e.
391 4394 418 4444 g.
437 4369 595 4446 ἔπεξέλεγχος
621 4375 690 4428 Plat.
720 4375 838 4429 Phaedr.
858 4374 954 4439 267A;
983 4373 1282 4441 Arist.11113‚1tlob
1310 4375 1352 4427 15.

190 4457 198 4472 ⁶
288 4464 308 4534 ¹)
330 4463 459 4518 Graeven
478 4483 505 4532 p,
525 4465 542 4517 3
561 4465 624 4518 adn.
754 4487 757 4493 ·
1200 4492 1202 4496 ν
