3278 5206
676 475 898 538 ..81-

198 652 354 713 virtutum
388 651 634 734 partitionibus,
672 673 757 737 quae
793 661 923 716 exstant
957 652 1045 737 apud
1080 650 1223 716 Tullium
1257 653 1291 715 in
1326 651 1374 716 di·

198 758 304 820 versis
328 755 430 839 libris,
456 759 685 844 copiosissime
702 760 778 842 agit,
803 761 848 822 ita
872 769 992 840 tamen,
1017 766 1053 821 ut
1074 755 1193 840 fontes,
1219 758 1373 842 equibus

198 862 331 927 fluxerit
365 865 436 930 eius
466 865 623 947 doctrina,
661 888 703 929 ne
732 876 869 930 conatus
899 864 1030 951 quidem
1054 866 1096 928 sit
1118 864 1283 949 indagare.
1330 865 1374 929 At

198 971 230 1031 in
265 969 328 1034 hoo
362 994 436 1036 mea
467 972 599 1057 quidem
634 975 795 1036 sententia
829 981 916 1037 totus
953 971 1051 1036 cardo
1081 973 1223 1035 vertitur.
1276 970 1374 1037 Velut

200 1076 288 1141 haud
322 1099 401 1142 sane
438 1081 549 1164 iniquo
585 1081 692 1143 animo
722 1079 939 1160 audivissem,
969 1078 1048 1164 quid
1077 1078 1117 1141 de
1141 1078 1317 1143 artificiosa
1342 1090 1374 1143 et

199 1185 278 1246 satis
312 1187 394 1248 mira
404 1185 426 1269 ¹)
460 1188 619 1250 virtutum
653 1186 806 1272 bipertita
842 1186 1003 1249 divisione
1035 1185 1245 1270 cogitandum
1273 1195 1372 1266 esset,

200 1312 283 1374 quae
307 1301 388 1376 part.
414 1314 460 1357 or.
495 1292 594 1375 2256
607 1316 679 1378 sqq.
709 1294 882 1374 invenitur,
907 1295 941 1356 in
966 1313 1030 1377 qua
1052 1292 1271 1356 Penestianae
1296 1292 1372 1356 doo-

197 1397 299 1460 trinae
315 1400 455 1482 vestigia
472 1399 625 1484 detegere
643 1399 721 1463 mihi
737 1399 860 1466 videor.
894 1398 1047 1482 Singulas
1060 1407 1169 1462 autem
1184 1397 1371 1484 particulas,

196 1503 230 1565 in
266 1526 347 1588 quas
381 1503 497 1570 Cicero
535 1530 608 1570 cum
642 1509 676 1571 in
711 1517 791 1592 part.
830 1529 875 1570 or.
909 1505 1007 1574 2256
1020 1528 1092 1591 sqq.
1128 1514 1198 1570 tum
1233 1505 1273 1570 de
1306 1507 1370 1571 inv.

199 1609 377 1687 1153‚159
401 1615 538 1678 virtutes
563 1615 685 1699 primas
710 1613 839 1690 dirimit,
866 1611 919 1677 hic
944 1630 1108 1698 apponere
1135 1634 1201 1675 non
1229 1613 1371 1697 expedit.

302 1717 456 1804 Denique
492 1719 620 1784 duobus
648 1720 729 1784 locis
760 1722 795 1784 in
828 1717 920 1783 libris
957 1719 998 1782 de
1030 1728 1157 1783 oratore
1186 1719 1369 1802 (1112863

195 1823 431 1909 84,3t3-44),
456 1827 574 1912 quibus
598 1827 729 1911 generis
748 1827 995 1890 demonstrativi
1011 1826 1157 1890 tractatio
1175 1825 1370 1911 explicatur,

196 1930 332 2021 virtutes
356 1934 542 2017 permixtim
560 1937 631 1998 sine
648 1933 760 1997 ordine
779 1941 1011 1997 enumerantur
1026 1941 1160 2014 tantum,
1177 1954 1244 1997 non
1261 1933 1371 2018 dispo·

195 2046 323 2118 nuntur,
360 2040 422 2101 nisi
452 2041 542 2125 quod
570 2041 606 2105 H
634 2041 755 2122 8434ss
789 2038 842 2124 (cf.
868 2062 968 2125 supra
990 2062 1021 2124 p.
1049 2039 1104 2123 73)
1140 2038 1372 2104 discernuntur

196 2143 331 2205 virtutes
349 2143 475 2210 ethicae
492 2158 524 2210 et
540 2147 752 2212 dianteticae.
785 2146 892 2226 Quam
909 2145 1101 2232 disciplinae
1119 2145 1371 2232 simplicitatem,

198 2269 281 2330 quae
305 2252 529 2334 antiquitatem
554 2275 671 2339 sapere
696 2253 835 2335 videtur,
861 2275 900 2317 eo
918 2255 1022 2338 magis
1043 2253 1086 2316 ad
1101 2262 1260 2338 usurpata
1275 2258 1370 2344 ἐγχει-

196 2359 276 2443 ρίδια
310 2355 351 2419 ab
387 2357 572 2424 Stoicorum
607 2359 810 2446 aliorumque
845 2359 1007 2446 partiendi
1042 2357 1218 2423 subtilitate
1253 2358 1370 2444 aliena,

196 2465 347 2543 quamvis
372 2475 508 2550 experta
531 2466 825 2552 Peripateticorum
849 2469 926 2549 vim,
951 2466 1171 2531 revocandam
1189 2489 1264 2530 esse
1280 2476 1369 2552 puto,

195 2569 271 2651 quia
307 2575 437 2636 omnino
472 2574 506 2636 in
529 2596 651 2658 genere
677 2574 850 2660 epidictico
882 2576 965 2637 mira
992 2575 1189 2658 perspicitur
1212 2595 1369 2659 praecep-

193 2687 299 2740 torum
325 2682 550 2762 constantia2).

299 2783 366 2850 Sed
402 2785 551 2850 omnibus
588 2786 669 2851 locis
709 2787 797 2872 apud
830 2785 1026 2850 Ciceronem
1058 2807 1188 2871 quoque
1217 2807 1276 2849 eae
1299 2794 1367 2849 tres

192 2893 339 2974 virtutes,
376 2915 459 2978 quae
488 2893 577 2977 apud
612 2915 726 2957 omnes
756 2902 907 2956 auctores
936 2902 1103 2978 apparent,
1129 2914 1176 2957 sc.
1201 2896 1309 2983 ἀνδρία
1332 2920 1367 2946 --

191 2999 360 3079 fortitudo,
391 3007 482 3092 σοφία
510 2998 672 3092 (φρόνησις)
705 3028 739 3053 =
768 3000 928 3084 sapientia
951 2997 1166 3084 (prudentia),
1189 3004 1365 3083 δικαιοσύνη

192 3137 226 3162 =
249 3108 372 3169 iustitia
394 3128 460 3169 non
484 3105 722 3171 desiderantur.

297 3214 366 3277 Iam
390 3235 469 3277 vero
485 3212 586 3296 illum,
604 3236 702 3298 quem
719 3213 923 3277 ostendimus
941 3234 1139 3277 consensum
1155 3214 1189 3276 in
1205 3211 1365 3277 bonorum

192 3320 418 3385 distributione
454 3329 486 3384 et
521 3322 766 3384 enumeratione
802 3321 886 3383 inter
915 3317 1061 3402 singulos
1090 3328 1241 3383 auctores
1265 3322 1363 3383 inter-

193 3427 365 3490 cedentem
388 3428 443 3489 vix
469 3448 549 3490 casu
573 3436 687 3508 ortum,
713 3426 773 3490 sed
796 3426 873 3491 inde
895 3425 1137 3510 explanandum
1165 3447 1250 3509 esse,
1276 3425 1365 3510 quod

192 3533 395 3598 Graecorum
419 3533 568 3597 doctrina
591 3555 650 3619 per
675 3531 807 3596 saecula
830 3555 896 3597 non
921 3535 1091 3614 exstincta,
1113 3533 1232 3617 partim
1247 3512 1363 3597 immu-

190 3650 256 3704 tata
280 3640 322 3704 ad
345 3641 479 3704 Latinos
504 3641 795 3724 transmigraverit,
822 3640 894 3725 quis
920 3650 970 3702 est
994 3639 1049 3724 qui
1071 3636 1191 3723 neget?

295 3784 315 3848 ¹)
336 3781 438 3833 Mirum
466 3782 510 3832 ost
537 3783 650 3847 praeter
673 3781 773 3842 cetera,
798 3779 874 3848 quod
897 3784 912 3845 ς
933 3779 966 3831 78
990 3778 1144 3832 amicitia
1163 3778 1191 3830 in
1211 3778 1361 3832 virtutibus

187 3869 316 3924 habetur.
348 3868 421 3922 Nam
434 3868 513 3938 25,ὃὸ
531 3869 662 3937 legimus:
680 3869 734 3923 Est
753 3868 832 3923 etium
851 3867 982 3937 quaedam
1000 3867 1080 3934 omri
1098 3869 1221 3921 materias
1238 3867 1359 3920 subiecta

187 3959 323 4012 konettaii
345 3957 391 4025 (of.
412 3958 487 4011 Stob.
511 3957 541 4010 Il
561 3957 665 4021 134‚19‚
691 3957 740 4010 ubi
764 3959 1020 4011 commemorantur
1042 3961 1074 4011 τὰ
1091 3958 1169 4010 iltuit
1182 3963 1232 4011 τῶν
1252 3957 1356 4024 ἀρετῶν)

187 4063 256 4114 quae
282 4048 396 4100 maxime
422 4052 560 4114 spectatur
586 4047 616 4099 ia
643 4046 783 4112 curiatii&
812 4047 847 4099 de
874 4045 930 4099 inv.
956 4047 1050 4098 autem
1073 4045 1235 4112 1152,157;
1260 4045 1357 4112 bb,166

186 4136 344 4189 amicitia
374 4138 400 4190 ei
427 4137 524 4204 generi
552 4136 723 4202 attribuitur,
752 4136 827 4203 quod
853 4134 958 4204 partim
985 4134 1014 4187 in
1042 4135 1166 4199 utilitate,
1198 4135 1299 4202 partim
1328 4134 1358 4187 in

186 4225 323 4279 honestate
351 4224 486 4288 consistit,
514 4242 578 4279 cum
604 4225 711 4278 ibidem
738 4225 836 4287 56,168
863 4222 1090 4278 amicitiarum
1118 4223 1298 4277 multitudo
1321 4227 1357 4276 ad

185 4314 273 4367 solam
300 4314 460 4381 utilitatem,
488 4315 589 4369 unrici
615 4315 668 4383 ipsi
690 4315 797 4381 59‚177‚
820 4315 868 4368 ubi
891 4314 1001 4383 generis
1021 4313 1157 4368 laudativi
1176 4312 1294 4367 materia
1313 4329 1360 4365 ex·

184 4403 305 4470 ponitur,
326 4404 425 4457 adres
444 4407 572 4458 externas
591 4404 756 4457 referantur.

292 4493 312 4558 ²)
331 4493 365 4549 oi.
384 4493 460 4547 infra
478 4513 505 4562 p.
525 4494 559 4546 88
570 4512 629 4562 sqq.

1164 4581 1180 4635 6
