<?xml version="1.0" encoding="UTF-8"?>
<!DOCTYPE html PUBLIC "-//W3C//DTD XHTML 1.0 Transitional//EN"
    "http://www.w3.org/TR/xhtml1/DTD/xhtml1-transitional.dtd">
<html xmlns="http://www.w3.org/1999/xhtml" xml:lang="en" lang="en">
 <head>
  <title>
</title>
<meta http-equiv="Content-Type" content="text/html;charset=utf-8" />
  <meta name='ocr-system' content='tesseract 3.04.00' />
  <meta name='ocr-capabilities' content='ocr_page ocr_carea ocr_par ocr_line ocrx_word'/>
</head>
<body>
  <div class='ocr_page' id='page_1' title='image "./derationibusint00petegoog_0043.png"; bbox 0 0 3278 5206; ppageno 0'>
   <div class='ocr_carea' id='block_1_1' title="bbox 712 441 933 506">
    <p class='ocr_par' dir='ltr' id='par_1_1' title="bbox 712 441 933 506">
     <span class='ocr_line' id='line_1_1' title="bbox 712 441 933 506; baseline 0.005 -19"><span class='ocrx_word' id='word_1_1' title='bbox 712 441 933 506; x_wconf 80' lang='lat'>-40..</span> 
     </span>
    </p>
   </div>
   <div class='ocr_carea' id='block_1_2' title="bbox 231 612 1460 2625">
    <p class='ocr_par' dir='ltr' id='par_1_2' title="bbox 231 612 1460 1984">
     <span class='ocr_line' id='line_1_2' title="bbox 236 612 1460 708; baseline -0.002 -23"><span class='ocrx_word' id='word_1_2' title='bbox 236 621 434 708; x_wconf 83' lang='lat' dir='ltr'><strong>quibuscum</strong></span> <span class='ocrx_word' id='word_1_3' title='bbox 458 621 577 706; x_wconf 88' lang='lat' dir='ltr'><strong>partim</strong></span> <span class='ocrx_word' id='word_1_4' title='bbox 601 639 784 704; x_wconf 82' lang='lat' dir='ltr'><strong>anonymus</strong></span> <span class='ocrx_word' id='word_1_5' title='bbox 809 617 883 702; x_wconf 83' lang='lat' dir='ltr'><strong>Seg.</strong></span> <span class='ocrx_word' id='word_1_6' title='bbox 910 620 929 698; x_wconf 65' lang='grc' dir='ltr'>ξ</span> <span class='ocrx_word' id='word_1_7' title='bbox 956 618 974 679; x_wconf 85' lang='grc'>7</span> <span class='ocrx_word' id='word_1_8' title='bbox 1000 615 1090 700; x_wconf 79' lang='grc'><strong>(2,16</strong></span> <span class='ocrx_word' id='word_1_9' title='bbox 1113 615 1168 703; x_wconf 80' lang='lat' dir='ltr'><strong>G.)</strong></span> <span class='ocrx_word' id='word_1_10' title='bbox 1193 619 1346 699; x_wconf 82' lang='lat' dir='ltr'><strong>concinit,</strong></span> <span class='ocrx_word' id='word_1_11' title='bbox 1372 617 1413 682; x_wconf 93' lang='lat' dir='ltr'><strong>ab</strong></span> <span class='ocrx_word' id='word_1_12' title='bbox 1458 612 1460 616; x_wconf 61' lang='grc'><strong>’</strong></span> 
     </span>
     <span class='ocr_line' id='line_1_3' title="bbox 236 723 1413 813; baseline -0.003 -22"><span class='ocrx_word' id='word_1_13' title='bbox 236 726 290 792; x_wconf 85' lang='lat' dir='ltr'><strong>bis</strong></span> <span class='ocrx_word' id='word_1_14' title='bbox 321 748 427 813; x_wconf 89' lang='lat' dir='ltr'><strong>paene</strong></span> <span class='ocrx_word' id='word_1_15' title='bbox 460 725 592 790; x_wconf 91' lang='lat' dir='ltr'><strong>diversa</strong></span> <span class='ocrx_word' id='word_1_16' title='bbox 623 723 746 790; x_wconf 90' lang='lat' dir='ltr'><strong>habere</strong></span> <span class='ocrx_word' id='word_1_17' title='bbox 777 724 939 790; x_wconf 87' lang='lat' dir='ltr'><strong>videntur.</strong></span> <span class='ocrx_word' id='word_1_18' title='bbox 989 723 1032 790; x_wconf 86' lang='lat' dir='ltr'><strong>cf.</strong></span> <span class='ocrx_word' id='word_1_19' title='bbox 1061 733 1146 789; x_wconf 83' lang='lat' dir='ltr'><strong>auct.</strong></span> <span class='ocrx_word' id='word_1_20' title='bbox 1177 723 1219 789; x_wconf 89' lang='lat' dir='ltr'><strong>ad</strong></span> <span class='ocrx_word' id='word_1_21' title='bbox 1246 725 1288 788; x_wconf 92' lang='lat' dir='ltr'><strong>H.</strong></span> <span class='ocrx_word' id='word_1_22' title='bbox 1318 725 1413 807; x_wconf 80' lang='lat'>15‚8</span> 
     </span>
     <span class='ocr_line' id='line_1_4' title="bbox 233 831 1412 918; baseline -0.004 -16"><span class='ocrx_word' id='word_1_23' title='bbox 233 833 321 918; x_wconf 77' lang='lat' dir='ltr'><strong>(cic.</strong></span> <span class='ocrx_word' id='word_1_24' title='bbox 346 833 363 898; x_wconf 92' lang='lat' dir='ltr'>I</span> <span class='ocrx_word' id='word_1_25' title='bbox 388 833 511 915; x_wconf 80' lang='lat'><strong>16,22):</strong></span> <span class='ocrx_word' id='word_1_26' title='bbox 534 837 676 899; x_wconf 78' lang='lat' dir='ltr'><strong>nostrum</strong></span> <span class='ocrx_word' id='word_1_27' title='bbox 700 852 830 897; x_wconf 80' lang='lat' dir='ltr'><strong>eausam</strong></span> <span class='ocrx_word' id='word_1_28' title='bbox 854 832 1017 896; x_wconf 79' lang='lat' dir='ltr'><strong>laudando</strong></span> <span class='ocrx_word' id='word_1_29' title='bbox 1041 831 1191 908; x_wconf 73' lang='lat' dir='ltr'><em>tollemus,</em></span> <span class='ocrx_word' id='word_1_30' title='bbox 1216 832 1412 898; x_wconf 78' lang='lat' dir='ltr'><strong>aduersario·</strong></span> 
     </span>
     <span class='ocr_line' id='line_1_5' title="bbox 231 936 1412 1022; baseline -0.001 -16"><span class='ocrx_word' id='word_1_31' title='bbox 231 962 307 1006; x_wconf 78' lang='lat' dir='ltr'><strong>mem</strong></span> <span class='ocrx_word' id='word_1_32' title='bbox 331 959 391 1021; x_wconf 81' lang='lat' dir='ltr'><strong>per</strong></span> <span class='ocrx_word' id='word_1_33' title='bbox 417 941 675 1022; x_wconf 77' lang='lat' dir='ltr'><em>contemptionem</em></span> <span class='ocrx_word' id='word_1_34' title='bbox 698 939 908 1020; x_wconf 77' lang='lat' dir='ltr'><strong>deprimemus</strong></span> <span class='ocrx_word' id='word_1_35' title='bbox 916 938 948 1020; x_wconf 84' lang='lat'><strong>¹).</strong></span> <span class='ocrx_word' id='word_1_36' title='bbox 995 936 1188 1002; x_wconf 83' lang='lat' dir='ltr'><strong>Aristoteles</strong></span> <span class='ocrx_word' id='word_1_37' title='bbox 1212 948 1322 1002; x_wconf 88' lang='lat' dir='ltr'><strong>autem</strong></span> <span class='ocrx_word' id='word_1_38' title='bbox 1345 961 1412 1005; x_wconf 90' lang='lat' dir='ltr'><strong>me·</strong></span> 
     </span>
     <span class='ocr_line' id='line_1_6' title="bbox 234 1043 1413 1136; baseline -0.001 -24"><span class='ocrx_word' id='word_1_39' title='bbox 234 1046 325 1112; x_wconf 84' lang='lat' dir='ltr'><strong>diam</strong></span> <span class='ocrx_word' id='word_1_40' title='bbox 352 1048 439 1110; x_wconf 91' lang='lat' dir='ltr'><strong>viam</strong></span> <span class='ocrx_word' id='word_1_41' title='bbox 468 1046 625 1130; x_wconf 87' lang='lat' dir='ltr'><strong>sequitur,</strong></span> <span class='ocrx_word' id='word_1_42' title='bbox 654 1066 730 1109; x_wconf 87' lang='lat' dir='ltr'><strong>eum</strong></span> <span class='ocrx_word' id='word_1_43' title='bbox 756 1043 923 1110; x_wconf 81' lang='lat' dir='ltr'><strong>1415b35</strong></span> <span class='ocrx_word' id='word_1_44' title='bbox 938 1067 987 1130; x_wconf 91' lang='lat' dir='ltr'><strong>sq.</strong></span> <span class='ocrx_word' id='word_1_45' title='bbox 1015 1051 1053 1113; x_wconf 82' lang='grc' dir='ltr'><strong>τὸ</strong></span> <span class='ocrx_word' id='word_1_46' title='bbox 1088 1056 1215 1136; x_wconf 79' lang='grc' dir='ltr'><strong>πρᾶγμα</strong></span> <span class='ocrx_word' id='word_1_47' title='bbox 1237 1046 1370 1133; x_wconf 88' lang='lat' dir='ltr'><strong>saepius</strong></span> <span class='ocrx_word' id='word_1_48' title='bbox 1393 1051 1413 1131; x_wconf 83' lang='grc' dir='ltr'><strong>ἢ</strong></span> 
     </span>
     <span class='ocr_line' id='line_1_7' title="bbox 237 1151 1412 1245; baseline 0 -23"><span class='ocrx_word' id='word_1_49' title='bbox 237 1158 340 1245; x_wconf 71' lang='grc' dir='ltr'><strong>μεῖζον</strong></span> <span class='ocrx_word' id='word_1_50' title='bbox 371 1158 391 1238; x_wconf 83' lang='grc' dir='ltr'><strong>ἢ</strong></span> <span class='ocrx_word' id='word_1_51' title='bbox 419 1157 550 1223; x_wconf 82' lang='grc' dir='ltr'><strong>ἔλαττον</strong></span> <span class='ocrx_word' id='word_1_52' title='bbox 578 1174 654 1217; x_wconf 85' lang='lat' dir='ltr'><strong>esse</strong></span> <span class='ocrx_word' id='word_1_53' title='bbox 683 1151 771 1233; x_wconf 86' lang='lat' dir='ltr'><strong>dicit,</strong></span> <span class='ocrx_word' id='word_1_54' title='bbox 805 1154 850 1216; x_wconf 88' lang='lat' dir='ltr'><strong>ita</strong></span> <span class='ocrx_word' id='word_1_55' title='bbox 877 1160 913 1215; x_wconf 92' lang='lat' dir='ltr'><strong>ut</strong></span> <span class='ocrx_word' id='word_1_56' title='bbox 939 1152 973 1216; x_wconf 90' lang='lat' dir='ltr'><strong>in</strong></span> <span class='ocrx_word' id='word_1_57' title='bbox 1001 1151 1162 1237; x_wconf 85' lang='lat' dir='ltr'><strong>principio</strong></span> <span class='ocrx_word' id='word_1_58' title='bbox 1189 1157 1209 1237; x_wconf 83' lang='grc' dir='ltr'><strong>ἢ</strong></span> <span class='ocrx_word' id='word_1_59' title='bbox 1237 1156 1367 1237; x_wconf 77' lang='grc' dir='ltr'>αὐξῆσαι</span> <span class='ocrx_word' id='word_1_60' title='bbox 1393 1157 1412 1238; x_wconf 80' lang='grc' dir='ltr'>ἢ</span> 
     </span>
     <span class='ocr_line' id='line_1_8' title="bbox 236 1257 1411 1352; baseline -0.005 -22"><span class='ocrx_word' id='word_1_61' title='bbox 236 1273 363 1352; x_wconf 71' lang='lat' dir='ltr'><strong>paidom</strong></span> <span class='ocrx_word' id='word_1_62' title='bbox 386 1281 469 1346; x_wconf 91' lang='lat' dir='ltr'><strong>opus</strong></span> <span class='ocrx_word' id='word_1_63' title='bbox 494 1262 544 1324; x_wconf 86' lang='lat' dir='ltr'><strong>sit.</strong></span> <span class='ocrx_word' id='word_1_64' title='bbox 593 1258 660 1348; x_wconf 84' lang='lat' dir='ltr'><strong>Sed</strong></span> <span class='ocrx_word' id='word_1_65' title='bbox 683 1258 766 1323; x_wconf 89' lang='lat' dir='ltr'><strong>haec</strong></span> <span class='ocrx_word' id='word_1_66' title='bbox 789 1281 855 1323; x_wconf 93' lang='lat' dir='ltr'><strong>non</strong></span> <span class='ocrx_word' id='word_1_67' title='bbox 875 1259 974 1340; x_wconf 86' lang='lat' dir='ltr'><strong>inea,</strong></span> <span class='ocrx_word' id='word_1_68' title='bbox 999 1257 1040 1322; x_wconf 90' lang='lat' dir='ltr'><strong>de</strong></span> <span class='ocrx_word' id='word_1_69' title='bbox 1065 1280 1129 1343; x_wconf 91' lang='lat' dir='ltr'><strong>qua</strong></span> <span class='ocrx_word' id='word_1_70' title='bbox 1151 1260 1291 1342; x_wconf 85' lang='lat' dir='ltr'><strong>agimus,</strong></span> <span class='ocrx_word' id='word_1_71' title='bbox 1315 1261 1411 1345; x_wconf 89' lang='lat' dir='ltr'><strong>perti·</strong></span> 
     </span>
     <span class='ocr_line' id='line_1_9' title="bbox 236 1363 1412 1450; baseline -0.002 -18"><span class='ocrx_word' id='word_1_72' title='bbox 236 1367 324 1432; x_wconf 88' lang='lat' dir='ltr'><strong>tione</strong></span> <span class='ocrx_word' id='word_1_73' title='bbox 351 1365 457 1431; x_wconf 88' lang='lat' dir='ltr'><strong>tradit.</strong></span> <span class='ocrx_word' id='word_1_74' title='bbox 504 1365 695 1450; x_wconf 85' lang='lat' dir='ltr'><strong>Adiungere</strong></span> <span class='ocrx_word' id='word_1_75' title='bbox 723 1367 814 1430; x_wconf 92' lang='lat' dir='ltr'><strong>iuvat</strong></span> <span class='ocrx_word' id='word_1_76' title='bbox 841 1363 1016 1428; x_wconf 92' lang='lat' dir='ltr'><strong>nonnullos</strong></span> <span class='ocrx_word' id='word_1_77' title='bbox 1044 1363 1192 1429; x_wconf 79' lang='lat' dir='ltr'><strong>rhetores</strong></span> <span class='ocrx_word' id='word_1_78' title='bbox 1222 1367 1320 1429; x_wconf 90' lang='lat' dir='ltr'><strong>etiam</strong></span> <span class='ocrx_word' id='word_1_79' title='bbox 1349 1366 1412 1431; x_wconf 91' lang='lat' dir='ltr'><strong>alia</strong></span> 
     </span>
     <span class='ocr_line' id='line_1_10' title="bbox 237 1471 1410 1563; baseline -0.002 -25"><span class='ocrx_word' id='word_1_80' title='bbox 237 1482 415 1559; x_wconf 89' lang='lat' dir='ltr'><strong>praecepta</strong></span> <span class='ocrx_word' id='word_1_81' title='bbox 449 1472 491 1538; x_wconf 88' lang='lat' dir='ltr'><strong>de</strong></span> <span class='ocrx_word' id='word_1_82' title='bbox 526 1472 758 1537; x_wconf 88' lang='lat' dir='ltr'><strong>benevolentia</strong></span> <span class='ocrx_word' id='word_1_83' title='bbox 796 1471 958 1558; x_wconf 89' lang='lat' dir='ltr'><strong>captanda</strong></span> <span class='ocrx_word' id='word_1_84' title='bbox 992 1471 1177 1537; x_wconf 82' lang='lat' dir='ltr'><em>mandasse.</em></span> <span class='ocrx_word' id='word_1_85' title='bbox 1229 1471 1256 1534; x_wconf 84' lang='grc' dir='ltr'>Ε</span> <span class='ocrx_word' id='word_1_86' title='bbox 1292 1472 1410 1563; x_wconf 79' lang='lat' dir='ltr'><strong>quibus</strong></span> 
     </span>
     <span class='ocr_line' id='line_1_11' title="bbox 236 1577 1410 1664; baseline -0.002 -19"><span class='ocrx_word' id='word_1_87' title='bbox 236 1579 475 1645; x_wconf 85' lang='lat' dir='ltr'><strong>Anaximenem</strong></span> <span class='ocrx_word' id='word_1_88' title='bbox 488 1580 634 1664; x_wconf 81' lang='lat' dir='ltr'><strong>87‚4eq.‚</strong></span> <span class='ocrx_word' id='word_1_89' title='bbox 648 1577 846 1664; x_wconf 86' lang='lat' dir='ltr'><strong>Dionysium</strong></span> <span class='ocrx_word' id='word_1_90' title='bbox 863 1578 1030 1663; x_wconf 78' lang='lat' dir='ltr'><strong>34,19sq.,</strong></span> <span class='ocrx_word' id='word_1_91' title='bbox 1046 1599 1246 1663; x_wconf 90' lang='lat' dir='ltr'><strong>anonymum</strong></span> <span class='ocrx_word' id='word_1_92' title='bbox 1258 1577 1298 1663; x_wconf 53' lang='grc' dir='ltr'><strong>ἐξ</strong></span> <span class='ocrx_word' id='word_1_93' title='bbox 1313 1579 1410 1660; x_wconf 85' lang='grc'>18,40</span> 
     </span>
     <span class='ocr_line' id='line_1_12' title="bbox 233 1683 1410 1774; baseline -0.002 -23"><span class='ocrx_word' id='word_1_94' title='bbox 233 1683 342 1768; x_wconf 86' lang='lat' dir='ltr'><strong>laudo,</strong></span> <span class='ocrx_word' id='word_1_95' title='bbox 368 1686 424 1770; x_wconf 90' lang='lat' dir='ltr'><strong>qui</strong></span> <span class='ocrx_word' id='word_1_96' title='bbox 447 1685 527 1768; x_wconf 90' lang='lat' dir='ltr'><strong>quid</strong></span> <span class='ocrx_word' id='word_1_97' title='bbox 550 1707 624 1751; x_wconf 90' lang='lat' dir='ltr'><strong>eum</strong></span> <span class='ocrx_word' id='word_1_98' title='bbox 649 1686 706 1770; x_wconf 91' lang='lat' dir='ltr'><strong>qui</strong></span> <span class='ocrx_word' id='word_1_99' title='bbox 729 1685 923 1774; x_wconf 85' lang='lat' dir='ltr'><strong>propinquis</strong></span> <span class='ocrx_word' id='word_1_100' title='bbox 946 1683 1037 1750; x_wconf 89' lang='lat' dir='ltr'><strong>litem</strong></span> <span class='ocrx_word' id='word_1_101' title='bbox 1060 1684 1209 1766; x_wconf 83' lang='lat' dir='ltr'><strong>intendit,</strong></span> <span class='ocrx_word' id='word_1_102' title='bbox 1234 1684 1275 1750; x_wconf 92' lang='lat' dir='ltr'><strong>ad</strong></span> <span class='ocrx_word' id='word_1_103' title='bbox 1292 1708 1410 1771; x_wconf 84' lang='lat' dir='ltr'><strong>oppro-</strong></span> 
     </span>
     <span class='ocr_line' id='line_1_13' title="bbox 237 1790 1410 1876; baseline 0.002 -20"><span class='ocrx_word' id='word_1_104' title='bbox 237 1792 308 1857; x_wconf 90' lang='lat' dir='ltr'><strong>bria</strong></span> <span class='ocrx_word' id='word_1_105' title='bbox 332 1813 374 1857; x_wconf 89' lang='lat' dir='ltr'><strong>ex</strong></span> <span class='ocrx_word' id='word_1_106' title='bbox 397 1791 459 1857; x_wconf 87' lang='lat' dir='ltr'><strong>hae</strong></span> <span class='ocrx_word' id='word_1_107' title='bbox 482 1813 518 1856; x_wconf 90' lang='lat' dir='ltr'><strong>re</strong></span> <span class='ocrx_word' id='word_1_108' title='bbox 534 1793 673 1857; x_wconf 82' lang='lat' dir='ltr'><strong>orientia</strong></span> <span class='ocrx_word' id='word_1_109' title='bbox 689 1791 895 1876; x_wconf 84' lang='lat' dir='ltr'><strong>depulsanda</strong></span> <span class='ocrx_word' id='word_1_110' title='bbox 909 1790 1058 1876; x_wconf 84' lang='lat' dir='ltr'><strong>proferre</strong></span> <span class='ocrx_word' id='word_1_111' title='bbox 1075 1800 1231 1876; x_wconf 82' lang='lat' dir='ltr'><em>oporteat,</em></span> <span class='ocrx_word' id='word_1_112' title='bbox 1256 1814 1322 1857; x_wconf 92' lang='lat' dir='ltr'><strong>non</strong></span> <span class='ocrx_word' id='word_1_113' title='bbox 1339 1795 1410 1858; x_wconf 89' lang='lat' dir='ltr'><strong>sine</strong></span> 
     </span>
     <span class='ocr_line' id='line_1_14' title="bbox 234 1897 727 1984; baseline 0.002 -21"><span class='ocrx_word' id='word_1_114' title='bbox 234 1920 353 1983; x_wconf 87' lang='lat' dir='ltr'><strong>magno</strong></span> <span class='ocrx_word' id='word_1_115' title='bbox 378 1920 543 1965; x_wconf 87' lang='lat' dir='ltr'><strong>consensu</strong></span> <span class='ocrx_word' id='word_1_116' title='bbox 568 1897 727 1984; x_wconf 81' lang='lat' dir='ltr'><strong>docent2).</strong></span> 
     </span>
    </p>

    <p class='ocr_par' dir='ltr' id='par_1_3' title="bbox 232 2003 1410 2625">
     <span class='ocr_line' id='line_1_15' title="bbox 340 2003 1410 2091; baseline -0.002 -20"><span class='ocrx_word' id='word_1_117' title='bbox 340 2005 390 2071; x_wconf 86' lang='lat' dir='ltr'><strong>Ac</strong></span> <span class='ocrx_word' id='word_1_118' title='bbox 414 2027 455 2071; x_wconf 89' lang='lat' dir='ltr'><strong>ne</strong></span> <span class='ocrx_word' id='word_1_119' title='bbox 473 2027 512 2070; x_wconf 91' lang='lat' dir='ltr'><strong>ea</strong></span> <span class='ocrx_word' id='word_1_120' title='bbox 528 2005 663 2091; x_wconf 90' lang='lat' dir='ltr'><strong>quidem</strong></span> <span class='ocrx_word' id='word_1_121' title='bbox 678 2006 819 2091; x_wconf 89' lang='lat' dir='ltr'><strong>partitio,</strong></span> <span class='ocrx_word' id='word_1_122' title='bbox 845 2027 942 2090; x_wconf 92' lang='lat' dir='ltr'><strong>quam</strong></span> <span class='ocrx_word' id='word_1_123' title='bbox 960 2004 1077 2070; x_wconf 82' lang='lat' dir='ltr'><strong>Cicero</strong></span> <span class='ocrx_word' id='word_1_124' title='bbox 1093 2003 1110 2068; x_wconf 94' lang='lat' dir='ltr'>I</span> <span class='ocrx_word' id='word_1_125' title='bbox 1129 2003 1227 2086; x_wconf 63' lang='lat'>1530</span> <span class='ocrx_word' id='word_1_126' title='bbox 1247 2015 1280 2069; x_wconf 91' lang='lat' dir='ltr'><strong>et</strong></span> <span class='ocrx_word' id='word_1_127' title='bbox 1295 2015 1410 2072; x_wconf 77' lang='lat' dir='ltr'><strong>auctor</strong></span> 
     </span>
     <span class='ocr_line' id='line_1_16' title="bbox 233 2110 1408 2198; baseline -0.001 -22"><span class='ocrx_word' id='word_1_128' title='bbox 233 2111 275 2176; x_wconf 90' lang='lat' dir='ltr'><strong>ad</strong></span> <span class='ocrx_word' id='word_1_129' title='bbox 305 2112 346 2178; x_wconf 92' lang='lat' dir='ltr'><strong>H.</strong></span> <span class='ocrx_word' id='word_1_130' title='bbox 378 2112 396 2176; x_wconf 95' lang='lat' dir='ltr'>I</span> <span class='ocrx_word' id='word_1_131' title='bbox 426 2112 481 2184; x_wconf 82' lang='lat'><strong>3‚5</strong></span> <span class='ocrx_word' id='word_1_132' title='bbox 495 2134 544 2198; x_wconf 88' lang='lat' dir='ltr'><strong>sq.</strong></span> <span class='ocrx_word' id='word_1_133' title='bbox 580 2134 655 2179; x_wconf 90' lang='lat' dir='ltr'><strong>cum</strong></span> <span class='ocrx_word' id='word_1_134' title='bbox 689 2111 923 2177; x_wconf 85' lang='lat' dir='ltr'><strong>vetustioribus</strong></span> <span class='ocrx_word' id='word_1_135' title='bbox 956 2110 1021 2177; x_wconf 90' lang='lat' dir='ltr'><strong>illis</strong></span> <span class='ocrx_word' id='word_1_136' title='bbox 1053 2111 1280 2198; x_wconf 82' lang='lat' dir='ltr'><strong>partitionibus</strong></span> <span class='ocrx_word' id='word_1_137' title='bbox 1311 2111 1408 2177; x_wconf 90' lang='lat' dir='ltr'><strong>modo</strong></span> 
     </span>
     <span class='ocr_line' id='line_1_17' title="bbox 233 2218 1408 2307; baseline 0.002 -26"><span class='ocrx_word' id='word_1_138' title='bbox 233 2220 375 2303; x_wconf 83' lang='lat' dir='ltr'><strong>peractis</strong></span> <span class='ocrx_word' id='word_1_139' title='bbox 400 2218 615 2301; x_wconf 84' lang='lat' dir='ltr'><strong>confundunt,</strong></span> <span class='ocrx_word' id='word_1_140' title='bbox 640 2219 714 2284; x_wconf 91' lang='lat' dir='ltr'><strong>dieo</strong></span> <span class='ocrx_word' id='word_1_141' title='bbox 737 2220 956 2305; x_wconf 82' lang='lat' dir='ltr'><strong>partitionem,</strong></span> <span class='ocrx_word' id='word_1_142' title='bbox 982 2241 1048 2304; x_wconf 90' lang='lat' dir='ltr'><strong>qua</strong></span> <span class='ocrx_word' id='word_1_143' title='bbox 1070 2239 1170 2301; x_wconf 79' lang='lat' dir='ltr'><strong>penus</strong></span> <span class='ocrx_word' id='word_1_144' title='bbox 1191 2220 1314 2286; x_wconf 77' lang='lat' dir='ltr'><strong>exordii</strong></span> <span class='ocrx_word' id='word_1_145' title='bbox 1328 2228 1408 2307; x_wconf 85' lang='lat' dir='ltr'><strong>pe&#39;n-</strong></span> 
     </span>
     <span class='ocr_line' id='line_1_18' title="bbox 234 2325 1408 2412; baseline -0.001 -22"><span class='ocrx_word' id='word_1_146' title='bbox 234 2325 313 2390; x_wconf 86' lang='lat' dir='ltr'><strong>dere</strong></span> <span class='ocrx_word' id='word_1_147' title='bbox 345 2325 460 2391; x_wconf 91' lang='lat' dir='ltr'><strong>volunt</strong></span> <span class='ocrx_word' id='word_1_148' title='bbox 489 2349 509 2393; x_wconf 88' lang='grc' dir='ltr'><strong>ο</strong></span> <span class='ocrx_word' id='word_1_149' title='bbox 539 2347 673 2409; x_wconf 73' lang='lat' dir='ltr'><strong>genere</strong></span> <span class='ocrx_word' id='word_1_150' title='bbox 704 2346 840 2392; x_wconf 82' lang='lat' dir='ltr'><strong>caueae</strong></span> <span class='ocrx_word' id='word_1_151' title='bbox 867 2325 1106 2410; x_wconf 85' lang='lat' dir='ltr'><strong>Hermagoram</strong></span> <span class='ocrx_word' id='word_1_152' title='bbox 1136 2325 1285 2410; x_wconf 69' lang='lat' dir='ltr'><strong>secutii),</strong></span> <span class='ocrx_word' id='word_1_153' title='bbox 1320 2326 1408 2412; x_wconf 90' lang='lat' dir='ltr'><strong>apud</strong></span> 
     </span>
     <span class='ocr_line' id='line_1_19' title="bbox 232 2429 1407 2515; baseline -0.001 -18"><span class='ocrx_word' id='word_1_154' title='bbox 232 2431 470 2498; x_wconf 84' lang='lat' dir='ltr'><strong>Anaximenem</strong></span> <span class='ocrx_word' id='word_1_155' title='bbox 494 2436 625 2499; x_wconf 89' lang='lat' dir='ltr'><strong>omnino</strong></span> <span class='ocrx_word' id='word_1_156' title='bbox 650 2432 864 2498; x_wconf 88' lang='lat' dir='ltr'><strong>desideratur.</strong></span> <span class='ocrx_word' id='word_1_157' title='bbox 912 2429 995 2497; x_wconf 85' lang='lat' dir='ltr'><strong>Sunt</strong></span> <span class='ocrx_word' id='word_1_158' title='bbox 1018 2441 1126 2496; x_wconf 89' lang='lat' dir='ltr'><strong>autem</strong></span> <span class='ocrx_word' id='word_1_159' title='bbox 1149 2453 1272 2515; x_wconf 86' lang='lat' dir='ltr'><strong>genera</strong></span> <span class='ocrx_word' id='word_1_160' title='bbox 1293 2454 1407 2497; x_wconf 89' lang='lat' dir='ltr'><strong>causa-</strong></span> 
     </span>
     <span class='ocr_line' id='line_1_20' title="bbox 232 2537 1406 2625; baseline 0.001 -22"><span class='ocrx_word' id='word_1_161' title='bbox 232 2537 337 2620; x_wconf 62' lang='lat' dir='ltr'><strong>rumt)</strong></span> <span class='ocrx_word' id='word_1_162' title='bbox 372 2538 461 2624; x_wconf 87' lang='lat' dir='ltr'><strong>apud</strong></span> <span class='ocrx_word' id='word_1_163' title='bbox 484 2547 652 2605; x_wconf 76' lang='lat' dir='ltr'><strong>auctorem</strong></span> <span class='ocrx_word' id='word_1_164' title='bbox 674 2538 717 2604; x_wconf 90' lang='lat' dir='ltr'><strong>ad</strong></span> <span class='ocrx_word' id='word_1_165' title='bbox 741 2538 781 2604; x_wconf 92' lang='lat' dir='ltr'><strong>H.</strong></span> <span class='ocrx_word' id='word_1_166' title='bbox 808 2546 959 2625; x_wconf 87' lang='lat' dir='ltr'><strong>quattuor</strong></span> <span class='ocrx_word' id='word_1_167' title='bbox 981 2559 1061 2602; x_wconf 91' lang='lat' dir='ltr'><strong>vere</strong></span> <span class='ocrx_word' id='word_1_168' title='bbox 1087 2537 1329 2621; x_wconf 88' lang='lat' dir='ltr'><strong>Hermagorea:</strong></span> <span class='ocrx_word' id='word_1_169' title='bbox 1354 2540 1406 2604; x_wconf 78' lang='lat' dir='ltr'><strong>teo-</strong></span> 
     </span>
    </p>
   </div>
   <div class='ocr_carea' id='block_1_3' title="bbox 206 2766 1406 4524">
    <p class='ocr_par' dir='ltr' id='par_1_4' title="bbox 206 2766 1406 4524">
     <span class='ocr_line' id='line_1_21' title="bbox 342 2766 1406 2837; baseline 0.002 -17"><span class='ocrx_word' id='word_1_170' title='bbox 342 2768 360 2835; x_wconf 87' lang='lat'><strong>¹)</strong></span> <span class='ocrx_word' id='word_1_171' title='bbox 380 2766 452 2837; x_wconf 84' lang='lat' dir='ltr'><strong>Alia,</strong></span> <span class='ocrx_word' id='word_1_172' title='bbox 476 2783 603 2835; x_wconf 87' lang='lat' dir='ltr'><strong>quaeque</strong></span> <span class='ocrx_word' id='word_1_173' title='bbox 627 2767 753 2823; x_wconf 87' lang='lat' dir='ltr'><strong>inlibris</strong></span> <span class='ocrx_word' id='word_1_174' title='bbox 778 2767 812 2821; x_wconf 87' lang='lat' dir='ltr'><strong>de</strong></span> <span class='ocrx_word' id='word_1_175' title='bbox 830 2766 991 2822; x_wconf 85' lang='lat' dir='ltr'><strong>inventione</strong></span> <span class='ocrx_word' id='word_1_176' title='bbox 1010 2783 1142 2834; x_wconf 88' lang='lat' dir='ltr'><strong>magnam</strong></span> <span class='ocrx_word' id='word_1_177' title='bbox 1159 2770 1270 2835; x_wconf 84' lang='lat' dir='ltr'><strong>partem</strong></span> <span class='ocrx_word' id='word_1_178' title='bbox 1287 2769 1338 2821; x_wconf 85' lang='lat' dir='ltr'><strong>sub</strong></span> <span class='ocrx_word' id='word_1_179' title='bbox 1358 2767 1406 2822; x_wconf 85' lang='lat' dir='ltr'><strong>ad·</strong></span> 
     </span>
     <span class='ocr_line' id='line_1_22' title="bbox 230 2854 1404 2928; baseline -0.001 -17"><span class='ocrx_word' id='word_1_180' title='bbox 230 2857 410 2913; x_wconf 67' lang='lat' dir='ltr'><strong>cucumerum</strong></span> <span class='ocrx_word' id='word_1_181' title='bbox 418 2872 540 2925; x_wconf 78' lang='lat' dir='ltr'><strong>pereum</strong></span> <span class='ocrx_word' id='word_1_182' title='bbox 552 2855 656 2924; x_wconf 83' lang='lat' dir='ltr'><strong>attulit,</strong></span> <span class='ocrx_word' id='word_1_183' title='bbox 672 2854 766 2912; x_wconf 86' lang='lat' dir='ltr'><strong>Cicero</strong></span> <span class='ocrx_word' id='word_1_184' title='bbox 777 2855 902 2928; x_wconf 79' lang='lat' dir='ltr'><strong>(Anton.)</strong></span> <span class='ocrx_word' id='word_1_185' title='bbox 917 2855 952 2910; x_wconf 88' lang='lat' dir='ltr'><strong>de</strong></span> <span class='ocrx_word' id='word_1_186' title='bbox 965 2858 1035 2910; x_wconf 88' lang='lat' dir='ltr'><strong>orat.</strong></span> <span class='ocrx_word' id='word_1_187' title='bbox 1046 2854 1179 2921; x_wconf 64' lang='lat'><strong>1179321</strong></span> <span class='ocrx_word' id='word_1_188' title='bbox 1195 2857 1230 2909; x_wconf 90' lang='lat' dir='ltr'><strong>ad</strong></span> <span class='ocrx_word' id='word_1_189' title='bbox 1242 2873 1297 2912; x_wconf 82' lang='lat' dir='ltr'><strong>rem</strong></span> <span class='ocrx_word' id='word_1_190' title='bbox 1310 2856 1404 2912; x_wconf 85' lang='lat' dir='ltr'><strong>trahit.</strong></span> 
     </span>
     <span class='ocr_line' id='line_1_23' title="bbox 338 2944 742 3016; baseline 0 -18"><span class='ocrx_word' id='word_1_191' title='bbox 338 2946 359 3010; x_wconf 74' lang='lat'><strong>²)</strong></span> <span class='ocrx_word' id='word_1_192' title='bbox 379 2945 414 3001; x_wconf 87' lang='lat' dir='ltr'><strong>of.</strong></span> <span class='ocrx_word' id='word_1_193' title='bbox 434 2945 561 3001; x_wconf 83' lang='lat' dir='ltr'><strong>Navarra</strong></span> <span class='ocrx_word' id='word_1_194' title='bbox 580 2963 608 3016; x_wconf 89' lang='lat' dir='ltr'><strong>p.</strong></span> <span class='ocrx_word' id='word_1_195' title='bbox 627 2944 742 2999; x_wconf 81' lang='lat'><strong>233-5.</strong></span> 
     </span>
     <span class='ocr_line' id='line_1_24' title="bbox 339 3033 711 3104; baseline -0.003 -17"><span class='ocrx_word' id='word_1_196' title='bbox 339 3033 359 3104; x_wconf 82' lang='lat'><strong>³)</strong></span> <span class='ocrx_word' id='word_1_197' title='bbox 379 3052 405 3087; x_wconf 93' lang='lat' dir='ltr'><strong>v.</strong></span> <span class='ocrx_word' id='word_1_198' title='bbox 426 3034 523 3088; x_wconf 83' lang='lat' dir='ltr'><strong>Thiele</strong></span> <span class='ocrx_word' id='word_1_199' title='bbox 542 3052 569 3102; x_wconf 92' lang='lat' dir='ltr'><strong>p.</strong></span> <span class='ocrx_word' id='word_1_200' title='bbox 591 3033 642 3087; x_wconf 81' lang='lat'><strong>114</strong></span> <span class='ocrx_word' id='word_1_201' title='bbox 652 3051 711 3102; x_wconf 87' lang='lat' dir='ltr'><strong>sqq.</strong></span> 
     </span>
     <span class='ocr_line' id='line_1_25' title="bbox 336 3116 1405 3191; baseline 0.002 -16"><span class='ocrx_word' id='word_1_202' title='bbox 336 3123 358 3187; x_wconf 78' lang='lat'><strong>⁴)</strong></span> <span class='ocrx_word' id='word_1_203' title='bbox 378 3122 420 3176; x_wconf 90' lang='lat' dir='ltr'><strong>De</strong></span> <span class='ocrx_word' id='word_1_204' title='bbox 438 3121 481 3176; x_wconf 88' lang='lat' dir='ltr'><strong>his</strong></span> <span class='ocrx_word' id='word_1_205' title='bbox 500 3122 648 3190; x_wconf 81' lang='lat' dir='ltr'><strong>generibus</strong></span> <span class='ocrx_word' id='word_1_206' title='bbox 667 3116 1110 3191; x_wconf 82' lang='lat' dir='ltr'><strong>iaisoVolkmannusp.108—9‚</strong></span> <span class='ocrx_word' id='word_1_207' title='bbox 1129 3141 1155 3191; x_wconf 89' lang='lat' dir='ltr'><strong>p.</strong></span> <span class='ocrx_word' id='word_1_208' title='bbox 1174 3121 1232 3191; x_wconf 81' lang='lat'>137,</span> <span class='ocrx_word' id='word_1_209' title='bbox 1251 3123 1405 3177; x_wconf 87' lang='lat' dir='ltr'><strong>rectissime</strong></span> 
     </span>
     <span class='ocr_line' id='line_1_26' title="bbox 231 3200 1406 3280; baseline 0.001 -16"><span class='ocrx_word' id='word_1_210' title='bbox 231 3200 420 3278; x_wconf 52' lang='lat' dir='ltr'><strong>et&#39;sagaoiter</strong></span> <span class='ocrx_word' id='word_1_211' title='bbox 437 3211 561 3264; x_wconf 86' lang='lat' dir='ltr'><strong>Thielins</strong></span> <span class='ocrx_word' id='word_1_212' title='bbox 581 3212 691 3279; x_wconf 87' lang='lat' dir='ltr'><strong>quaest.</strong></span> <span class='ocrx_word' id='word_1_213' title='bbox 710 3229 737 3279; x_wconf 87' lang='lat' dir='ltr'><strong>p.</strong></span> <span class='ocrx_word' id='word_1_214' title='bbox 757 3211 836 3273; x_wconf 76' lang='lat'>5-7,</span> <span class='ocrx_word' id='word_1_215' title='bbox 856 3211 987 3280; x_wconf 87' lang='lat' dir='ltr'><strong>Hermag.</strong></span> <span class='ocrx_word' id='word_1_216' title='bbox 1006 3230 1033 3280; x_wconf 92' lang='lat' dir='ltr'><strong>p.</strong></span> <span class='ocrx_word' id='word_1_217' title='bbox 1054 3212 1105 3264; x_wconf 83' lang='lat'><strong>114</strong></span> <span class='ocrx_word' id='word_1_218' title='bbox 1116 3229 1175 3280; x_wconf 89' lang='lat' dir='ltr'><strong>sqq.</strong></span> <span class='ocrx_word' id='word_1_219' title='bbox 1196 3211 1315 3266; x_wconf 87' lang='lat' dir='ltr'><strong>disserit.</strong></span> <span class='ocrx_word' id='word_1_220' title='bbox 1353 3212 1406 3277; x_wconf 84' lang='lat' dir='ltr'><strong>Qui</strong></span> 
     </span>
     <span class='ocr_line' id='line_1_27' title="bbox 229 3298 1405 3369; baseline 0.002 -17"><span class='ocrx_word' id='word_1_221' title='bbox 229 3298 272 3353; x_wconf 86' lang='lat' dir='ltr'><strong>vir</strong></span> <span class='ocrx_word' id='word_1_222' title='bbox 296 3300 394 3354; x_wconf 87' lang='lat' dir='ltr'><strong>doctus</strong></span> <span class='ocrx_word' id='word_1_223' title='bbox 412 3300 614 3368; x_wconf 73' lang='lat' dir='ltr'><strong>Hermogenem</strong></span> <span class='ocrx_word' id='word_1_224' title='bbox 635 3302 768 3368; x_wconf 89' lang='lat' dir='ltr'><strong>quattuor</strong></span> <span class='ocrx_word' id='word_1_225' title='bbox 785 3300 868 3355; x_wconf 92' lang='lat' dir='ltr'><strong>modo</strong></span> <span class='ocrx_word' id='word_1_226' title='bbox 891 3317 997 3369; x_wconf 87' lang='lat' dir='ltr'><strong>genere</strong></span> <span class='ocrx_word' id='word_1_227' title='bbox 1020 3317 1109 3369; x_wconf 89' lang='lat' dir='ltr'><strong>eaque</strong></span> <span class='ocrx_word' id='word_1_228' title='bbox 1128 3302 1163 3355; x_wconf 90' lang='lat' dir='ltr'><strong>ab</strong></span> <span class='ocrx_word' id='word_1_229' title='bbox 1183 3303 1297 3356; x_wconf 90' lang='lat' dir='ltr'><strong>auctore</strong></span> <span class='ocrx_word' id='word_1_230' title='bbox 1316 3302 1352 3354; x_wconf 89' lang='lat' dir='ltr'><strong>ad</strong></span> <span class='ocrx_word' id='word_1_231' title='bbox 1370 3301 1405 3354; x_wconf 91' lang='lat' dir='ltr'><strong>H.</strong></span> 
     </span>
     <span class='ocr_line' id='line_1_28' title="bbox 229 3389 1405 3459; baseline 0.003 -19"><span class='ocrx_word' id='word_1_232' title='bbox 229 3390 338 3442; x_wconf 88' lang='lat' dir='ltr'><strong>statuta</strong></span> <span class='ocrx_word' id='word_1_233' title='bbox 357 3390 504 3458; x_wconf 86' lang='lat' dir='ltr'><strong>agnovisse</strong></span> <span class='ocrx_word' id='word_1_234' title='bbox 516 3389 603 3442; x_wconf 88' lang='lat' dir='ltr'><strong>firmis</strong></span> <span class='ocrx_word' id='word_1_235' title='bbox 617 3389 791 3456; x_wconf 77' lang='lat' dir='ltr'><strong>argumentis</strong></span> <span class='ocrx_word' id='word_1_236' title='bbox 805 3389 916 3443; x_wconf 83' lang='lat' dir='ltr'><strong>evincit.</strong></span> <span class='ocrx_word' id='word_1_237' title='bbox 948 3389 1008 3444; x_wconf 88' lang='lat' dir='ltr'><strong>Nec</strong></span> <span class='ocrx_word' id='word_1_238' title='bbox 1019 3393 1123 3458; x_wconf 88' lang='lat' dir='ltr'><strong>tamen,</strong></span> <span class='ocrx_word' id='word_1_239' title='bbox 1143 3407 1215 3458; x_wconf 88' lang='lat' dir='ltr'><strong>qnae</strong></span> <span class='ocrx_word' id='word_1_240' title='bbox 1227 3391 1297 3444; x_wconf 90' lang='lat' dir='ltr'><strong>ratio</strong></span> <span class='ocrx_word' id='word_1_241' title='bbox 1310 3390 1405 3459; x_wconf 83' lang='lat' dir='ltr'><strong>fuerit,</strong></span> 
     </span>
     <span class='ocr_line' id='line_1_29' title="bbox 230 3471 1404 3550; baseline 0.003 -20"><span class='ocrx_word' id='word_1_242' title='bbox 230 3494 284 3546; x_wconf 90' lang='lat' dir='ltr'><strong>qna</strong></span> <span class='ocrx_word' id='word_1_243' title='bbox 306 3477 428 3547; x_wconf 89' lang='lat' dir='ltr'><strong>permoti</strong></span> <span class='ocrx_word' id='word_1_244' title='bbox 445 3477 616 3546; x_wconf 81' lang='lat' dir='ltr'><strong>posteriores</strong></span> <span class='ocrx_word' id='word_1_245' title='bbox 636 3471 764 3547; x_wconf 80' lang='lat' dir='ltr'><strong>quintum</strong></span> <span class='ocrx_word' id='word_1_246' title='bbox 783 3496 871 3547; x_wconf 87' lang='lat' dir='ltr'><strong>genus</strong></span> <span class='ocrx_word' id='word_1_247' title='bbox 890 3480 1183 3550; x_wconf 65' lang='grc' dir='ltr'><strong>(δυσπαρακολούθητον)</strong></span> <span class='ocrx_word' id='word_1_248' title='bbox 1201 3479 1338 3533; x_wconf 89' lang='lat' dir='ltr'><strong>inutiliter</strong></span> <span class='ocrx_word' id='word_1_249' title='bbox 1356 3497 1404 3548; x_wconf 88' lang='lat' dir='ltr'><strong>eg-</strong></span> 
     </span>
     <span class='ocr_line' id='line_1_30' title="bbox 228 3566 1404 3636; baseline 0.003 -18"><span class='ocrx_word' id='word_1_250' title='bbox 228 3566 416 3635; x_wconf 87' lang='lat' dir='ltr'><strong>gregaverint‚</strong></span> <span class='ocrx_word' id='word_1_251' title='bbox 437 3568 575 3635; x_wconf 88' lang='lat' dir='ltr'><strong>explanat.</strong></span> <span class='ocrx_word' id='word_1_252' title='bbox 613 3567 677 3620; x_wconf 84' lang='lat' dir='ltr'><strong>Fuit</strong></span> <span class='ocrx_word' id='word_1_253' title='bbox 696 3569 790 3622; x_wconf 90' lang='lat' dir='ltr'><strong>antem</strong></span> <span class='ocrx_word' id='word_1_254' title='bbox 809 3567 886 3634; x_wconf 87' lang='lat' dir='ltr'><strong>haee,</strong></span> <span class='ocrx_word' id='word_1_255' title='bbox 905 3567 935 3621; x_wconf 92' lang='lat' dir='ltr'><strong>ni</strong></span> <span class='ocrx_word' id='word_1_256' title='bbox 954 3567 1051 3622; x_wconf 84' lang='lat' dir='ltr'><strong>failor:</strong></span> <span class='ocrx_word' id='word_1_257' title='bbox 1070 3568 1178 3622; x_wconf 88' lang='lat' dir='ltr'><strong>Rhetor</strong></span> <span class='ocrx_word' id='word_1_258' title='bbox 1197 3567 1310 3636; x_wconf 87' lang='lat' dir='ltr'><strong>quidam</strong></span> <span class='ocrx_word' id='word_1_259' title='bbox 1328 3600 1362 3609; x_wconf 95' lang='lat'><em>-</em></span> <span class='ocrx_word' id='word_1_260' title='bbox 1381 3569 1404 3621; x_wconf 88' lang='lat' dir='ltr'><strong>is</strong></span> 
     </span>
     <span class='ocr_line' id='line_1_31' title="bbox 230 3654 1403 3727; baseline 0.004 -20"><span class='ocrx_word' id='word_1_261' title='bbox 230 3671 247 3707; x_wconf 85' lang='lat' dir='ltr'><strong>n</strong></span> <span class='ocrx_word' id='word_1_262' title='bbox 266 3671 321 3723; x_wconf 91' lang='lat' dir='ltr'><strong>quo</strong></span> <span class='ocrx_word' id='word_1_263' title='bbox 340 3654 436 3709; x_wconf 83' lang='lat' dir='ltr'><strong>(tioero</strong></span> <span class='ocrx_word' id='word_1_264' title='bbox 455 3656 563 3723; x_wconf 87' lang='lat' dir='ltr'><strong>pendet</strong></span> <span class='ocrx_word' id='word_1_265' title='bbox 580 3686 623 3721; x_wconf 86' lang='lat'><strong>-‚</strong></span> <span class='ocrx_word' id='word_1_266' title='bbox 644 3656 690 3724; x_wconf 91' lang='lat' dir='ltr'><strong>qui</strong></span> <span class='ocrx_word' id='word_1_267' title='bbox 711 3655 901 3727; x_wconf 76' lang='lat' dir='ltr'><strong>Hermagorae</strong></span> <span class='ocrx_word' id='word_1_268' title='bbox 919 3660 1072 3726; x_wconf 88' lang='lat' dir='ltr'><strong>praecepte</strong></span> <span class='ocrx_word' id='word_1_269' title='bbox 1091 3658 1127 3711; x_wconf 92' lang='lat' dir='ltr'><strong>de</strong></span> <span class='ocrx_word' id='word_1_270' title='bbox 1145 3660 1279 3726; x_wconf 86' lang='lat' dir='ltr'><strong>quattuor</strong></span> <span class='ocrx_word' id='word_1_271' title='bbox 1304 3674 1403 3712; x_wconf 88' lang='lat' dir='ltr'><strong>causae</strong></span> 
     </span>
     <span class='ocr_line' id='line_1_32' title="bbox 231 3743 1403 3815; baseline 0.002 -16"><span class='ocrx_word' id='word_1_272' title='bbox 231 3743 380 3812; x_wconf 84' lang='lat' dir='ltr'><strong>generibus</strong></span> <span class='ocrx_word' id='word_1_273' title='bbox 406 3744 539 3797; x_wconf 85' lang='lat' dir='ltr'><strong>mandata</strong></span> <span class='ocrx_word' id='word_1_274' title='bbox 567 3760 630 3797; x_wconf 90' lang='lat' dir='ltr'><strong>cum</strong></span> <span class='ocrx_word' id='word_1_275' title='bbox 652 3744 783 3813; x_wconf 81' lang='lat' dir='ltr'><strong>principii</strong></span> <span class='ocrx_word' id='word_1_276' title='bbox 807 3747 836 3800; x_wconf 87' lang='lat' dir='ltr'><strong>et</strong></span> <span class='ocrx_word' id='word_1_277' title='bbox 858 3744 1054 3800; x_wconf 77' lang='lat' dir='ltr'><strong>insinuationis</strong></span> <span class='ocrx_word' id='word_1_278' title='bbox 1077 3747 1245 3815; x_wconf 86' lang='lat' dir='ltr'><strong>pervulgata</strong></span> <span class='ocrx_word' id='word_1_279' title='bbox 1268 3747 1403 3813; x_wconf 85' lang='lat' dir='ltr'><strong>doctrina,</strong></span> 
     </span>
     <span class='ocr_line' id='line_1_33' title="bbox 230 3832 1403 3906; baseline 0.005 -21"><span class='ocrx_word' id='word_1_280' title='bbox 230 3848 314 3900; x_wconf 84' lang='lat' dir='ltr'><strong>qnam</strong></span> <span class='ocrx_word' id='word_1_281' title='bbox 326 3832 511 3901; x_wconf 86' lang='lat' dir='ltr'><strong>Hermagoras</strong></span> <span class='ocrx_word' id='word_1_282' title='bbox 530 3836 695 3901; x_wconf 84' lang='lat' dir='ltr'><strong>aspernatus</strong></span> <span class='ocrx_word' id='word_1_283' title='bbox 715 3837 759 3887; x_wconf 87' lang='lat' dir='ltr'><strong>est</strong></span> <span class='ocrx_word' id='word_1_284' title='bbox 777 3833 823 3898; x_wconf 84' lang='lat' dir='ltr'><strong>(cf.</strong></span> <span class='ocrx_word' id='word_1_285' title='bbox 836 3833 934 3889; x_wconf 85' lang='lat' dir='ltr'><strong>Thiele</strong></span> <span class='ocrx_word' id='word_1_286' title='bbox 952 3852 979 3903; x_wconf 91' lang='lat' dir='ltr'><strong>p.</strong></span> <span class='ocrx_word' id='word_1_287' title='bbox 994 3835 1046 3888; x_wconf 86' lang='grc'><strong>114</strong></span> <span class='ocrx_word' id='word_1_288' title='bbox 1060 3835 1174 3906; x_wconf 72' lang='grc' dir='ltr'><strong>οο120),</strong></span> <span class='ocrx_word' id='word_1_289' title='bbox 1194 3836 1403 3900; x_wconf 82' lang='lat' dir='ltr'><strong>contaminavit,</strong></span> 
     </span>
     <span class='ocr_line' id='line_1_34' title="bbox 229 3919 1402 3992; baseline 0.007 -20"><span class='ocrx_word' id='word_1_290' title='bbox 229 3919 258 3973; x_wconf 93' lang='lat' dir='ltr'><strong>in</strong></span> <span class='ocrx_word' id='word_1_291' title='bbox 277 3920 395 3974; x_wconf 91' lang='lat' dir='ltr'><strong>honesto</strong></span> <span class='ocrx_word' id='word_1_292' title='bbox 414 3937 517 3989; x_wconf 89' lang='lat' dir='ltr'><strong>genere</strong></span> <span class='ocrx_word' id='word_1_293' title='bbox 536 3921 678 3990; x_wconf 90' lang='lat' dir='ltr'><strong>prooemio</strong></span> <span class='ocrx_word' id='word_1_294' title='bbox 697 3939 766 3992; x_wconf 88' lang='lat' dir='ltr'><strong>opus</strong></span> <span class='ocrx_word' id='word_1_295' title='bbox 785 3940 841 3977; x_wconf 91' lang='lat' dir='ltr'><strong>non</strong></span> <span class='ocrx_word' id='word_1_296' title='bbox 861 3941 921 3978; x_wconf 87' lang='lat' dir='ltr'><strong>esse</strong></span> <span class='ocrx_word' id='word_1_297' title='bbox 942 3924 1037 3977; x_wconf 88' lang='lat' dir='ltr'><strong>docuit</strong></span> <span class='ocrx_word' id='word_1_298' title='bbox 1048 3924 1084 3978; x_wconf 90' lang='lat' dir='ltr'><strong>ad</strong></span> <span class='ocrx_word' id='word_1_299' title='bbox 1097 3924 1298 3991; x_wconf 79' lang='lat' dir='ltr'><strong>Hermagoran</strong></span> <span class='ocrx_word' id='word_1_300' title='bbox 1312 3928 1402 3980; x_wconf 89' lang='lat' dir='ltr'><strong>totum</strong></span> 
     </span>
     <span class='ocr_line' id='line_1_35' title="bbox 206 4009 1401 4081; baseline 0.005 -19"><span class='ocrx_word' id='word_1_301' title='bbox 206 4025 260 4077; x_wconf 31' lang='lat' dir='ltr'><strong>&#39;se</strong></span> <span class='ocrx_word' id='word_1_302' title='bbox 283 4009 427 4078; x_wconf 82' lang='lat' dir='ltr'><strong>applicans</strong></span> <span class='ocrx_word' id='word_1_303' title='bbox 450 4009 497 4076; x_wconf 83' lang='lat' dir='ltr'><strong>(cf.</strong></span> <span class='ocrx_word' id='word_1_304' title='bbox 521 4010 595 4064; x_wconf 82' lang='lat' dir='ltr'><strong>infra</strong></span> <span class='ocrx_word' id='word_1_305' title='bbox 616 4029 644 4080; x_wconf 86' lang='lat' dir='ltr'><strong>p.</strong></span> <span class='ocrx_word' id='word_1_306' title='bbox 663 4011 717 4081; x_wconf 77' lang='lat'>41),</span> <span class='ocrx_word' id='word_1_307' title='bbox 743 4013 778 4065; x_wconf 89' lang='lat' dir='ltr'><strong>ad</strong></span> <span class='ocrx_word' id='word_1_308' title='bbox 801 4011 917 4066; x_wconf 91' lang='lat' dir='ltr'><strong>dubium</strong></span> <span class='ocrx_word' id='word_1_309' title='bbox 939 4015 1034 4066; x_wconf 87' lang='lat' dir='ltr'><strong>antem</strong></span> <span class='ocrx_word' id='word_1_310' title='bbox 1057 4031 1146 4081; x_wconf 91' lang='lat' dir='ltr'><strong>genus</strong></span> <span class='ocrx_word' id='word_1_311' title='bbox 1170 4014 1401 4080; x_wconf 85' lang='lat' dir='ltr'><strong>benevolentiam,</strong></span> 
     </span>
     <span class='ocr_line' id='line_1_36' title="bbox 229 4097 1403 4171; baseline 0.006 -20"><span class='ocrx_word' id='word_1_312' title='bbox 229 4097 415 4151; x_wconf 87' lang='lat' dir='ltr'><strong>attentionem</strong></span> <span class='ocrx_word' id='word_1_313' title='bbox 433 4099 469 4152; x_wconf 90' lang='lat' dir='ltr'><strong>ad</strong></span> <span class='ocrx_word' id='word_1_314' title='bbox 488 4099 602 4159; x_wconf 84' lang='lat' dir='ltr'><strong>humile,</strong></span> <span class='ocrx_word' id='word_1_315' title='bbox 621 4099 839 4154; x_wconf 87' lang='lat' dir='ltr'><strong>insinuationem</strong></span> <span class='ocrx_word' id='word_1_316' title='bbox 857 4101 893 4154; x_wconf 89' lang='lat' dir='ltr'><strong>ad</strong></span> <span class='ocrx_word' id='word_1_317' title='bbox 912 4103 994 4171; x_wconf 78' lang='lat' dir='ltr'><strong>turpe</strong></span> <span class='ocrx_word' id='word_1_318' title='bbox 1012 4101 1131 4157; x_wconf 89' lang='lat' dir='ltr'><strong>rettulit.</strong></span> <span class='ocrx_word' id='word_1_319' title='bbox 1163 4101 1223 4166; x_wconf 84' lang='lat' dir='ltr'><strong>Quo</strong></span> <span class='ocrx_word' id='word_1_320' title='bbox 1240 4103 1317 4158; x_wconf 90' lang='lat' dir='ltr'><strong>facto</strong></span> <span class='ocrx_word' id='word_1_321' title='bbox 1331 4104 1403 4158; x_wconf 90' lang='lat' dir='ltr'><strong>desi·</strong></span> 
     </span>
     <span class='ocr_line' id='line_1_37' title="bbox 230 4185 1402 4257; baseline 0.006 -18"><span class='ocrx_word' id='word_1_322' title='bbox 230 4185 340 4240; x_wconf 87' lang='lat' dir='ltr'><strong>deravit</strong></span> <span class='ocrx_word' id='word_1_323' title='bbox 363 4203 463 4241; x_wconf 86' lang='lat' dir='ltr'><strong>censae</strong></span> <span class='ocrx_word' id='word_1_324' title='bbox 486 4205 584 4257; x_wconf 82' lang='lat' dir='ltr'><strong>genus,</strong></span> <span class='ocrx_word' id='word_1_325' title='bbox 608 4188 653 4241; x_wconf 91' lang='lat' dir='ltr'><strong>cni</strong></span> <span class='ocrx_word' id='word_1_326' title='bbox 673 4188 846 4244; x_wconf 86' lang='lat' dir='ltr'><strong>docilitatem</strong></span> <span class='ocrx_word' id='word_1_327' title='bbox 865 4188 1013 4244; x_wconf 88' lang='lat' dir='ltr'><strong>subiceret.</strong></span> <span class='ocrx_word' id='word_1_328' title='bbox 1051 4189 1140 4254; x_wconf 78' lang='lat' dir='ltr'><strong>Quam</strong></span> <span class='ocrx_word' id='word_1_329' title='bbox 1159 4191 1286 4246; x_wconf 86' lang='lat' dir='ltr'><strong>lacunam</strong></span> <span class='ocrx_word' id='word_1_330' title='bbox 1303 4194 1336 4245; x_wconf 92' lang='lat' dir='ltr'><strong>ut</strong></span> <span class='ocrx_word' id='word_1_331' title='bbox 1355 4210 1402 4246; x_wconf 85' lang='lat' dir='ltr'><strong>ex·</strong></span> 
     </span>
     <span class='ocr_line' id='line_1_38' title="bbox 228 4274 1400 4347; baseline 0.008 -20"><span class='ocrx_word' id='word_1_332' title='bbox 228 4276 326 4344; x_wconf 85' lang='lat' dir='ltr'><strong>ploret,</strong></span> <span class='ocrx_word' id='word_1_333' title='bbox 349 4274 418 4344; x_wconf 80' lang='grc' dir='ltr'><strong>γένος</strong></span> <span class='ocrx_word' id='word_1_334' title='bbox 441 4280 709 4346; x_wconf 60' lang='grc' dir='ltr'><strong>δυσπαρακολούθητον</strong></span> <span class='ocrx_word' id='word_1_335' title='bbox 732 4279 902 4344; x_wconf 87' lang='lat' dir='ltr'><strong>(obscurum)</strong></span> <span class='ocrx_word' id='word_1_336' title='bbox 926 4279 1022 4347; x_wconf 89' lang='lat' dir='ltr'><strong>inepte</strong></span> <span class='ocrx_word' id='word_1_337' title='bbox 1050 4279 1167 4337; x_wconf 84' lang='lat' dir='ltr'><strong>invenit.</strong></span> <span class='ocrx_word' id='word_1_338' title='bbox 1208 4280 1340 4336; x_wconf 80' lang='lat' dir='ltr'><strong>Ceterum</strong></span> <span class='ocrx_word' id='word_1_339' title='bbox 1366 4284 1400 4336; x_wconf 90' lang='lat' dir='ltr'><strong>ab</strong></span> 
     </span>
     <span class='ocr_line' id='line_1_39' title="bbox 229 4363 1402 4437; baseline 0.007 -21"><span class='ocrx_word' id='word_1_340' title='bbox 229 4364 283 4417; x_wconf 85' lang='lat' dir='ltr'><strong>alio</strong></span> <span class='ocrx_word' id='word_1_341' title='bbox 306 4363 427 4421; x_wconf 79' lang='lat' dir='ltr'><strong>fortasse</strong></span> <span class='ocrx_word' id='word_1_342' title='bbox 445 4366 635 4434; x_wconf 88' lang='lat' dir='ltr'><strong>Hermagorae</strong></span> <span class='ocrx_word' id='word_1_343' title='bbox 654 4369 684 4420; x_wconf 88' lang='lat' dir='ltr'><strong>et</strong></span> <span class='ocrx_word' id='word_1_344' title='bbox 702 4367 841 4422; x_wconf 85' lang='lat' dir='ltr'><strong>vetustior</strong></span> <span class='ocrx_word' id='word_1_345' title='bbox 859 4367 1008 4437; x_wconf 85' lang='lat' dir='ltr'><strong>disciplina</strong></span> <span class='ocrx_word' id='word_1_346' title='bbox 1027 4369 1123 4422; x_wconf 87' lang='lat' dir='ltr'><strong>Attica</strong></span> <span class='ocrx_word' id='word_1_347' title='bbox 1139 4369 1269 4437; x_wconf 88' lang='lat' dir='ltr'><strong>conflate,</strong></span> <span class='ocrx_word' id='word_1_348' title='bbox 1293 4371 1328 4424; x_wconf 91' lang='lat' dir='ltr'><strong>ab</strong></span> <span class='ocrx_word' id='word_1_349' title='bbox 1348 4371 1402 4425; x_wconf 87' lang='lat' dir='ltr'><strong>alio</strong></span> 
     </span>
     <span class='ocr_line' id='line_1_40' title="bbox 228 4454 940 4524; baseline 0.004 -17"><span class='ocrx_word' id='word_1_350' title='bbox 228 4454 327 4521; x_wconf 87' lang='lat' dir='ltr'><strong>postea</strong></span> <span class='ocrx_word' id='word_1_351' title='bbox 346 4454 459 4507; x_wconf 89' lang='lat' dir='ltr'><strong>demum</strong></span> <span class='ocrx_word' id='word_1_352' title='bbox 478 4455 604 4522; x_wconf 91' lang='lat' dir='ltr'><strong>quintum</strong></span> <span class='ocrx_word' id='word_1_353' title='bbox 624 4473 711 4524; x_wconf 87' lang='lat' dir='ltr'><strong>genus</strong></span> <span class='ocrx_word' id='word_1_354' title='bbox 731 4457 871 4510; x_wconf 88' lang='lat' dir='ltr'><strong>adnexum</strong></span> <span class='ocrx_word' id='word_1_355' title='bbox 890 4460 940 4511; x_wconf 76' lang='lat' dir='ltr'><strong>eet,</strong></span> 
     </span>
    </p>
   </div>
   <div class='ocr_carea' id='block_1_4' title="bbox 0 0 1644 5206">
    <p class='ocr_par' dir='ltr' id='par_1_5' title="bbox 0 0 1644 5206">
     <span class='ocr_line' id='line_1_41' title="bbox 0 0 1644 5206; baseline 0 2"><span class='ocrx_word' id='word_1_356' title='bbox 0 0 1644 5206; x_wconf 95' lang='lat' dir='ltr'><strong> </strong></span> 
     </span>
    </p>
   </div>
  </div>
 </body>
</html>
