3278 5206
693 419 886 481 „9-

199 594 1377 682 drare,praeterSpengelinm1),Thielium'²),Marxium3),Navar-

197 705 329 787 rium4)
351 704 498 787 aliosque
515 702 630 768 doctos
648 705 736 767 viros
752 703 1081 789 Wendlandius5),
1104 707 1261 790 magister
1276 728 1375 770 vene-

198 811 332 893 randus,
350 813 484 875 monuit.
520 810 585 890 Qui
600 809 688 874 idem
704 812 755 875 vir
771 809 992 890 doctissimus,
1011 833 1087 876 curn
1103 811 1212 877 adhuc
1230 814 1375 894 deesset,

128 907 130 911 Α
201 920 256 1004 qui
279 917 367 982 illam
393 921 609 982 constantiam
634 940 709 982 cum
731 919 765 981 in
789 927 856 982 tota
879 927 947 981 arte
969 928 1038 982 tum
1054 921 1088 983 in
1106 941 1145 983 ea
1160 929 1263 1004 parte,
1289 943 1376 1007 quae

199 1035 250 1089 est
280 1025 321 1089 de
355 1025 503 1111 partibus
539 1025 705 1106 orationis,
729 1026 939 1110 perspicuam
975 1025 1147 1110 indagaret
1180 1030 1373 1112 quaestione

199 1131 385 1217 diligentius
404 1131 557 1214 exhibita,
582 1154 634 1195 me
650 1133 813 1217 permovit
829 1130 871 1194 ad
891 1130 954 1195 hoc
970 1154 1090 1196 munus
1115 1121 1372 1219 suscipiendum,

202 1262 300 1325 equo
317 1239 388 1303 fore
406 1240 570 1325 sperabat,
594 1247 631 1302 ut
654 1236 777 1321 aliquid
800 1238 927 1302 fructus
952 1237 995 1302 ad
1018 1238 1189 1303 historiam
1205 1240 1374 1305 doctrinae

200 1350 359 1411 oratoriae
384 1345 649 1431 cognoscendam
672 1346 882 1411 redundaret.

200 1541 324 1595 crebrius
349 1558 399 1608 pro
423 1556 507 1609 parco
531 1538 641 1603 artium,
662 1555 733 1608 quae
752 1542 878 1593 aetatem
896 1539 1030 1608 tulerunt,
1049 1559 1164 1596 numero
1184 1544 1214 1594 et
1232 1544 1374 1595 oratorum

203 1629 374 1684 Graecorum
394 1630 423 1681 et
443 1627 584 1682 Ciceronis
604 1628 744 1682 orationes
764 1629 800 1681 ad
819 1627 963 1682 rhetorum
987 1628 1161 1697 disciplinam
1179 1629 1374 1684 illustrandam

201 1722 231 1772 et
258 1719 442 1786 supplendam
471 1717 592 1771 adhibui.
635 1715 714 1780 Quod
739 1734 801 1771 cum
825 1717 918 1784 aliqua
942 1717 1065 1771 utilitate
1089 1718 1150 1773 fieri
1178 1736 1240 1773 cum
1263 1736 1315 1788 par
1344 1735 1375 1773 se

197 1807 290 1874 ipsum
308 1807 336 1859 in
356 1807 490 1875 promptu
509 1806 554 1871 sit,
575 1805 606 1859 Ο.
620 1805 806 1859 Navarrius
825 1805 853 1859 in
872 1806 953 1874 libro,
973 1807 1020 1875 qui
1039 1807 1211 1861 inscribitur:
1231 1808 1308 1862 Essai
1328 1826 1375 1862 sur

198 1897 226 1948 la
244 1896 406 1963 rhetorique
427 1895 552 1962 Grecque
577 1897 662 1948 avant
681 1895 814 1962 Aristote,
843 1895 921 1948 Paris
946 1895 1016 1949 1900
1038 1914 1066 1965 p.
1086 1896 1125 1949 XI
1138 1914 1177 1964 sq.
1204 1897 1314 1960 disertis
1333 1897 1376 1951 in·

198 2003 282 2054 super
300 1984 394 2039 verbis
413 1988 518 2039 monet.
556 1983 608 2048 Qui
628 1985 687 2053 ipse
701 1984 859 2038 Atticorum
877 1987 952 2040 locos
972 1987 1016 2039 sat
1035 1987 1136 2040 multos
1150 1987 1291 2057 proponit,
1311 2004 1373 2041 cum

199 2073 384 2128 Ciceronianis
404 2073 587 2142 congerendis
606 2073 636 2127 F.
656 2073 806 2127 Rohdius
831 2074 948 2143 (Cicero,
968 2092 1039 2142 quae
1059 2075 1093 2128 de
1112 2075 1273 2130 inventione
1291 2091 1373 2145 prae·

198 2163 280 2231 cepit,
304 2165 442 2231 quatenus
469 2165 580 2216 secutus
604 2161 641 2215 sit
663 2162 693 2214 in
716 2162 887 2216 orationibus
910 2164 1021 2232 generis
1040 2164 1182 2230 iudicialis,
1206 2164 1374 2233 (116611631-

197 2254 284 2305 mont.
305 2251 384 2319 1903)
405 2256 434 2306 61
458 2251 705 2308 Preiswerkius
728 2251 775 2319 (de
798 2251 960 2306 inventione
980 2253 1136 2307 orationum
1158 2252 1374 2317 Ciceroniarum,

198 2339 467 2406 (1166.Β6611,1905)
491 2356 605 2408 operam
629 2340 802 2393 navaverint.
844 2340 904 2394 Nec
927 2357 1058 2410 magnam
1088 2359 1184 2395 eorum
1210 2341 1322 2411 'copiam
1346 2342 1374 2396 in

197 2430 339 2498 Kayseri
363 2431 392 2482 61
415 2429 595 2498 Spengelii
619 2429 836 2496 commentariis,
861 2430 907 2497 qui
931 2430 960 2482 in
984 2432 1046 2485 toto
1073 2448 1155 2501 opere
1180 2432 1373 2501 componendo

198 2537 306 2574 summo
326 2518 394 2572 mihi
413 2519 573 2575 adiumento
592 2518 715 2587 fuerunt,
734 2535 790 2573 non
807 2519 940 2574 invenies.
978 2520 1066 2574 Locos
1085 2523 1179 2573 autem
1199 2537 1213 2574 6
1234 2517 1374 2574 Ciceronis

199 2608 275 2661 libris
293 2607 441 2662 rhetoricis
464 2611 589 2676 sumptos
613 2607 777 2676 frequenter
800 2607 983 2662 Heiniclrio
1008 2608 1054 2674 (de
1074 2608 1215 2664 Ciceronis
1239 2609 1374 2678 doctrina,

199 2714 270 2765 qnae
289 2697 414 2766 pertinet
431 2697 468 2750 ad
486 2696 634 2750 materiam
653 2696 721 2750 artis
738 2695 896 2750 rhetoricae
915 2699 945 2750 et
964 2698 998 2752 ad
1017 2697 1217 2764 inventionem,
1237 2697 1375 2751 (1166116-

199 2786 314 2854 gimont.
329 2785 409 2850 1891)
429 2788 458 2840 et
476 2785 692 2839 Merchantio
712 2786 757 2851 (de
778 2785 918 2839 Ciceronis
936 2786 1134 2854 partitionibus
1153 2785 1289 2852 oratoriis,
1309 2787 1375 2840 diss.

200 2876 291 2929 Berol.
312 2873 402 2943 1890),
421 2875 570 2929 6066611οε
589 2874 676 2928 etiam
693 2873 839 2928 Jentschio
859 2874 957 2928 debeo.

307 2965 328 3029 1)
348 2964 420 3017 Abh.
440 2964 467 3017 d.
486 2963 567 3033 Bayr.
588 2963 636 3016 Ac.
656 2962 735 3030 1855,
754 2981 782 3032 p.
802 2962 862 3017 709,

307 3053 327 3119 ²)
346 3053 534 3122 Hermagoras
552 3072 580 3122 p.
601 3053 661 3106 119.

306 3143 326 3213 8)
347 3141 390 3196 sd.
410 3142 531 3196 auctoris
550 3143 586 3196 ad
604 3142 639 3196 H.
657 3160 684 3211 p.
706 3141 770 3195 156:
794 3146 931 3212 „apparet
950 3143 1077 3196 rhetores
1096 3143 1170 3196 illius
1189 3142 1323 3211 temporis
1342 3146 1373 3196 et

200 3232 388 3300 Hermagorae
408 3235 438 3285 ct
450 3231 609 3286 Aristotelis
629 3230 737 3296 (malim
754 3231 877 3300 vulgaris
894 3232 1062 3297 rhetoricae)
1080 3234 1234 3301 praecepta
1246 3232 1275 3284 in
1288 3250 1374 3285 unum

199 3320 335 3374 conflasse
363 3320 446 3374 variis
470 3338 534 3374 usos
558 3320 714 3375 rationibus
738 3337 828 3388 neque
854 3320 995 3389 scriptoris
1014 3322 1050 3374 ad
1069 3321 1103 3374 H.
1122 3337 1213 3390 neque
1233 3318 1373 3374 Ciceronis

200 3411 291 3463 artem
309 3409 445 3478 appellari
463 3426 545 3478 posse
564 3409 787 3477 Hermagoream
806 3408 905 3462 Latine
925 3415 1061 3463 versam“.

304 3498 327 3561 ⁴)
346 3498 424 3552 Essai
443 3517 489 3552 snr
507 3498 536 3551 la
559 3497 720 3566 rhetoriqne
740 3498 866 3566 Grecque
886 3516 913 3566 p.
933 3498 1000 3552 XII:
1028 3497 1101 3564 „Nul
1125 3499 1219 3566 doute,
1243 3516 1278 3552 66
1298 3497 1373 3566 61161,

200 3603 253 3654 que
272 3590 335 3642 tout
353 3587 505 3642 l'essentiel
529 3587 563 3641 de
582 3588 610 3640 16
628 3585 789 3654 rhetorique
810 3587 858 3641 des
878 3587 1033 3655 cinquieme
1053 3590 1082 3640 61
1101 3587 1256 3656 quatrieme
1276 3587 1374 3642 siecles

200 3679 285 3729 avant
302 3675 493 3736 Jews-christ
511 3693 546 3730 ne
565 3676 606 3744 s'y
625 3676 679 3730 soit
696 3675 855 3729 transmis.“
893 3674 1023 3729 Ceterum
1041 3676 1083 3730 vir
1102 3677 1197 3730 doctus
1216 3678 1373 3730 nostratum

198 3764 284 3819 libros
303 3765 339 3819 ad
357 3783 418 3819 rem
435 3765 609 3835 propositam
632 3765 807 3834 pertinentes
830 3764 903 3818 iusto
927 3764 1016 3833 magis
1035 3764 1169 3834 neglexit,
1194 3781 1248 3833 quo
1266 3764 1372 3819 factum

199 3857 251 3918 est,
269 3857 301 3907 ut
319 3871 427 3908 summa
446 3855 504 3908 eius
525 3854 721 3922 disputationis
740 3854 787 3908 vix
806 3853 969 3908 satisfaciat.

306 3944 326 4011 ο)
345 3943 533 3997 Anaximenes
551 3961 578 4012 p¹
599 3942 715 3995 57-58.
