3278 5206
704 463 924 528 ..95-

231 642 423 709 sententiam
448 663 491 706 ex
513 642 595 727 ipsis
620 643 693 709 eius
716 641 916 709 orationibus
935 643 1149 729 comprobare
1166 643 1276 708 studet
1284 644 1306 726 ¹)
1322 682 1365 695 *-
1382 669 1403 710 a

229 749 364 818 veritate
389 748 584 832 abhorretl).
630 751 855 815 Anaximenes
878 771 958 815 vero
981 774 1047 815 non
1071 751 1176 815 solum
1199 751 1397 837 bipertitum,

226 863 261 920 ut
285 853 452 925 Strillerus
477 856 557 938 vult,
586 855 750 942 epilogum
773 859 933 941 agnoscit,
958 857 1019 921 sed
1043 859 1138 922 etiam
1162 861 1399 943 tripertitumlr).

228 961 435 1046 Quamquam
458 973 638 1033 memoratu
662 963 796 1048 dignum
820 973 871 1028 est
891 965 1129 1028 Anaximenem
1153 967 1210 1028 uni
1235 976 1322 1033 certe
1345 987 1402 1050 ge-

227 1071 298 1135 neri
316 1069 376 1145 (sc.
392 1069 621 1156 epidictico)
636 1070 740 1136 solam
757 1076 1019 1164 ἀνακεφαλαίωσιν
1037 1071 1230 1160 (ἀνάμνησιν)
1246 1073 1401 1136 tribuisse

227 1175 283 1261 (cf.
310 1177 362 1259 84,
388 1176 432 1262 2),
461 1179 524 1242 nisi
553 1178 640 1262 quod
671 1181 740 1264 ἤτοι
770 1187 892 1269 γνώμην
913 1183 933 1264 ἢ
957 1183 1116 1270 ἐν6ύμημα
1138 1186 1226 1247 narrt
1248 1193 1294 1268 τῷ
1315 1185 1401 1270 λόγῳ

229 1294 264 1375 ιιι
281 1291 426 1370 τελευτήν
438 1284 612 1348 adicienda
624 1306 699 1351 esse
716 1284 935 1369 arbitratum).
960 1284 1027 1349 Sed
1040 1285 1175 1351 aliorum
1189 1291 1276 1354 εἰδῶν
1288 1284 1400 1371 plures

228 1400 337 1475 partes
361 1393 394 1455 iu
418 1390 546 1476 epilogo
574 1393 724 1477 proprias
753 1413 828 1456 esse
853 1402 979 1476 censet,
1003 1401 1039 1456 ut
1061 1391 1301 1457 Wendlandius
1326 1392 1345 1456 l.
1372 1415 1400 1456 c.

229 1507 423 1579 commonet,
457 1501 513 1584 qui
536 1498 586 1564 vir
620 1498 832 1566 doctissimus
867 1501 1165 1564 accusationem
1200 1509 1233 1563 et
1267 1497 1401 1564 defen-

228 1606 376 1670 sionem
400 1603 586 1690 perlustrat.

334 1730 404 1799 Nec
428 1732 462 1793 in
486 1731 686 1795 suasionis
711 1739 743 1794 et
768 1729 1035 1794 dissuasionis
1052 1729 1263 1794 conclusione
1280 1730 1401 1794 Anaxi-

228 1858 344 1899 menes
366 1845 432 1900 tres
445 1835 529 1905 illas
553 1846 664 1922 partes
688 1859 708 1900 a
728 1836 1072 1910 Theodectestatutas
1089 1836 1273 1922 neglegiu).
1318 1837 1400 1901 Nam

228 1943 368 2027 primum
380 1943 511 2028 quidem
524 1950 772 2036 ιιαλιλλογίαν
787 1981 822 2007 =
835 1949 997 2035 ἀνάμνησιν
1015 1944 1067 2024 76,
1081 1945 1141 2027 22;
1156 1945 1208 2025 78,
1220 1944 1276 2026 26;
1289 1944 1342 2025 96,
1360 1943 1401 2008 15

229 2049 443 2113 commendat.
471 2051 558 2117 Dein
571 2052 604 2114 in
617 2053 771 2114 suasione
781 2050 879 2131 7626
890 2073 950 2136 sq„
966 2052 999 2114 in
1013 2050 1218 2114 dissuasione
1233 2051 1284 2132 78,
1296 2051 1336 2114 27
1350 2073 1397 2136 sq.

227 2155 269 2218 de
303 2155 521 2219 affectibus
553 2155 757 2223 abundanter
788 2157 940 2243 disputat.
987 2156 1097 2242 Atque
1127 2160 1208 2221 haec
1238 2157 1278 2221 de
1303 2157 1399 2221 affec·

227 2261 315 2326 tibus
339 2263 543 2327 concitandis
566 2273 743 2349 praecepta
766 2286 884 2350 reapse
912 2264 954 2328 ad
983 2265 1222 2351 perorationem
1251 2272 1400 2349 spectare

227 2406 270 2415 -
301 2369 336 2432 id
369 2368 457 2454 quod
482 2371 622 2455 scriptor
649 2393 714 2434 non
742 2370 840 2456 plane
869 2371 948 2437 dicit
972 2410 1026 2455 -‚
1051 2394 1125 2436 cum
1150 2394 1192 2435 ex
1215 2372 1267 2454 91,
1294 2371 1335 2434 15
1348 2393 1397 2456 sq.

227 2474 359 2560 planum
382 2475 427 2553 fit,
452 2475 509 2540 ubi
531 2476 617 2540 idem
641 2487 749 2542 motus
775 2480 882 2553 animi,
909 2481 965 2564 qui
988 2502 1018 2565 p.
1043 2479 1120 2562 77⁶)
1142 2488 1174 2542 et
1197 2478 1239 2543 79
1261 2488 1400 2560 exstant,

228 2582 344 2646 eodem
369 2583 482 2647 ordine
506 2585 540 2647 in
560 2586 691 2668 generis
712 2584 874 2648 iudicialis
892 2585 1021 2671 epilogo
1037 2586 1309 2669 redintegrantur,
1334 2593 1401 2647 tum

228 2712 270 2752 ex
305 2690 358 2770 96,
383 2689 500 2775 3sqq.‚
535 2712 599 2774 quo
634 2689 706 2755 loco
735 2691 805 2753 fere
837 2690 924 2753 idem
948 2713 1014 2754 non
1032 2690 1135 2755 obiter
1159 2701 1401 2772 enumerantur,

229 2796 287 2859 sed
313 2799 518 2882 expositione
542 2795 694 2880 quadam,
713 2818 797 2881 quae
812 2819 843 2882 p.
863 2797 905 2859 77
924 2806 956 2860 et
973 2797 1015 2860 79
1036 2796 1199 2860 simillima
1214 2796 1340 2881 legitur,
1358 2796 1400 2859 ad

229 2899 394 2987 epilogum
411 2902 708 2965 accommodantur.
744 2903 884 2967 Accedit
901 2903 988 2989 quod
1005 2902 1228 2967 Anaximenes
1246 2904 1342 2967 etiam
1358 2910 1401 2971 τὸ

228 3014 385 3080 ἐπαινεῖν
396 3015 458 3076 καὶ
474 3014 599 3100 ψέγειν
611 3008 652 3072 ad
660 3031 765 3091 genus
777 3009 1023 3074 deliberativum
1034 3011 1142 3074 refert.
1161 3009 1259 3090 Quod
1267 3009 1400 3095 quidem

228 3117 294 3177 iam
310 3114 530 3200 ex95‚16sq.
554 3117 763 3200 perspicuum
788 3115 839 3180 his
863 3116 975 3180 verbis
1000 3117 1169 3202 (96,3-5)
1187 3117 1342 3182 efficitur:
1368 3119 1401 3185 εὖ
1475 3151 1479 3158 ·

336 3416 355 3478 ¹)
374 3413 408 3466 cf.
429 3413 558 3467 Sheehan
577 3432 604 3482 p.
623 3415 666 3469 29.

336 3503 355 3567 ²)
376 3501 412 3556 cf.
430 3503 509 3555 Marx
528 3505 557 3556 et
576 3503 734 3558 Wandland
752 3506 780 3558 ll.
801 3521 840 3557 cc.

335 3591 356 3658 ⁸)
376 3590 534 3643 Wendland
553 3609 581 3659 p.
600 3591 643 3644 43.

333 3682 355 3750 ⁴)
375 3679 410 3736 of.
430 3679 576 3746 stamar,
597 3680 639 3749 18,
662 3680 712 3733 ubi
735 3681 807 3735 hanc
831 3681 985 3735 doctrinam
1011 3683 1093 3736 claris
1119 3684 1209 3752 verbis
1226 3683 1347 3752 profert:
1372 3686 1401 3739 ot

137 3849 138 3852 Ἴ
228 3775 273 3837 γὰρ
298 3770 372 3838 μόνον
395 3769 536 3838 ἀναμνῆσαι
557 3773 611 3824 δεῖν
634 3789 718 3838 φαμεν
741 3770 797 3838 περὶ
819 3776 869 3825 τῶν
892 3766 1028 3839 εἰρημένων
1054 3770 1163 3827 ἐνταῦθα
1189 3775 1305 3840 καθάπερ
1335 3773 1398 3842 [καὶ]

227 3853 266 3914 ἐπὶ
284 3866 334 3913 τῶν
353 3852 484 3926 ἐγκωμίων
502 3864 545 3912 καί
568 3865 726 3927 κακαλογιῶν
834 3900 840 3913 .
869 3859 940 3913 Nam
967 3860 1012 3915 καὶ
1038 3862 1104 3929 post
1129 3863 1247 3929 autdaap
1273 3876 1400 3914 resecare

227 3948 330 4006 malim.
369 3946 500 4003 Ceterum
518 3945 659 4005 Isocrateo
679 3946 735 4001 XII
753 3947 806 4002 266
834 3948 880 4016 (cf.
900 3948 983 4003 Arist.
1004 3948 1054 4016 HI,
1075 3949 1119 4014 13)
1147 3949 1175 4004 τὸ
1203 3948 1402 4018 ἀναμιμνήσκειν

228 4035 245 4093 i,
264 4053 292 4096 e.
307 4038 399 4095 totum
418 4035 560 4104 epilogum
577 4034 608 4091 iu
625 4052 727 4102 genere
746 4036 885 4091 laudative
904 4055 1087 4106 supervacare
1105 4041 1187 4106 putat
1206 4037 1253 4108 (ci.
1272 4054 1356 4106 supra
1373 4055 1400 4104 p.

227 4125 261 4182 21
270 4125 298 4188 ⁷).
335 4123 409 4179 Item
428 4123 523 4180 Cicero
541 4126 613 4192 part.
633 4140 672 4178 or.
693 4124 735 4191 17,
754 4125 802 4178 59ε
822 4127 987 4180 muneratio
1008 4169 1013 4181 .
1034 4168 1040 4179 .
1061 4169 1067 4181 .
1091 4126 1229 4180 hortatori
1255 4142 1402 4194 maaquum

228 4213 496 4268 ....aeceaaariu.

335 4303 354 4365 ⁶)
375 4300 546 4369 Quamquam
570 4307 602 4356 τὰ
624 4304 694 4369 πάθη
719 4305 748 4355 et
770 4303 838 4356 illud
861 4298 968 4358 ἐπαινεῖν
990 4305 1036 4359 καὶ
1058 4300 1141 4373 ψέγειν
1168 4303 1273 4372 ubique
1289 4303 1403 4366 conflat,

227 4391 302 4457 quod
323 4407 357 4443 ex
375 4391 417 4455 91,
439 4391 484 4457 153
503 4390 546 4458 95,
567 4390 600 4443 18
610 4408 650 4458 sq.
670 4393 788 4460 apparet
808 4391 853 4461 (ct
874 4391 1034 4445 Wandland
1053 4413 1081 4462 p.
1100 4394 1155 4458 44),

334 4479 355 4548 ⁰)
374 4479 409 4534 cf.
430 4479 475 4532 hic
492 4480 580 4533 Anax.
600 4479 643 4547 77,
662 4480 768 4534 17-18
786 4498 848 4535 cum
867 4481 950 4535 Arist.
972 4480 1065 4534 rocla
1083 4482 1181 4538 9-10.
