3278 5206
720 428 936 492 ,33-

348 603 418 667 Iam
454 626 533 669 vcro
563 603 664 667 altera
692 626 823 690 quoque
850 605 1017 670 divisionis
1045 608 1184 692 species,
1210 607 1228 669 i.
1254 627 1281 668 e.
1311 607 1426 674 distri,
1507 656 1509 658 ψ

242 713 326 777 butio
350 711 392 774 ad
420 713 624 797 prooemium
655 711 795 792 accedit,
824 713 901 797 quia
928 734 994 775 non
1022 711 1127 776 solum
1155 714 1419 796 expositionem,

242 840 326 904 quac
359 818 446 904 apud
482 828 648 882 auctorem
685 816 728 880 sd
761 817 804 881 H.
839 817 857 881 I
887 819 983 899 10,17
1016 820 1232 886 distributioni
1260 819 1417 905 subestl),

241 925 400 989 definitio:
437 928 589 1007 expositio
623 930 678 1000 est,
714 945 783 990 cum
811 946 870 1006 res,
900 927 1035 1006 quibus
1062 927 1244 992 derebus
1271 927 1418 992 dictari

239 1052 379 1109 seimus,
416 1033 640 1111 ecpoutnue
675 1030 838 1096 breuiter
864 1039 892 1096 et
923 1033 1070 1108 obsolute,
1100 1032 1235 1096 mirifice
1265 1055 1340 1096 cum
1363 1032 1414 1095 his

239 1139 382 1202 auctoris
414 1138 456 1202 ad
490 1138 532 1203 H.
571 1136 683 1201 verbis
723 1137 765 1201 ad
804 1137 974 1202 exordium
1013 1138 1237 1224 spectantibus
1273 1140 1415 1203 concinit

239 1245 347 1316 luo:
382 1248 413 1309 si
440 1246 601 1310 honestum
627 1265 726 1327 penus
760 1265 873 1310 causae
901 1247 970 1327 erit,
1000 1293 1007 1307 .
1039 1294 1046 1307 .
1077 1296 1084 1310 .
1115 1249 1265 1327 oportebit
1293 1295 1300 1308 .
1331 1294 1338 1310 .
1369 1295 1376 1307 .
1408 1296 1414 1310 .

239 1353 416 1433 breuiter,
445 1353 580 1432 quibus
614 1351 656 1416 de
682 1352 792 1415 rebus
819 1352 967 1416 dicturi
991 1355 1110 1418 simus
1132 1373 1330 1434 exponere,
1356 1352 1416 1416 sed

238 1461 335 1522 etiam
370 1461 615 1539 enumeratio,
651 1457 754 1522 altera
789 1459 1022 1524 distributionis
1057 1481 1149 1545 pars,
1184 1461 1219 1522 in
1246 1461 1413 1545 prooemio

237 1566 346 1630 lacum
375 1564 483 1645 habet,
520 1565 562 1627 cf.
594 1575 680 1633 auct.
709 1564 752 1628 ad
779 1565 822 1629 H.
847 1564 863 1627 Ι
889 1564 1002 1642 loni:
1026 1569 1258 1631 enumeratione
1279 1572 1413 1646 uterum,

237 1694 307 1736 cum
331 1672 496 1736 dicemus
529 1692 696 1750 numero,
731 1678 820 1753 quot
848 1673 890 1736 de
916 1673 1026 1737 rebus
1053 1673 1199 1737 dicturi
1226 1693 1354 1737 snmus
1382 1679 1417 1733 et

237 1777 379 1861 Il‚7²):
418 1783 552 1842 attentos
590 1778 783 1855 babebimus,
824 1781 853 1844 si
895 1799 1046 1843 numero
1080 1799 1305 1858 apponemus
1339 1799 1414 1856 res,

236 1887 372 1965 quibus
403 1886 445 1950 de
480 1886 589 1949 rebus
616 1885 759 1949 dicturi
785 1905 922 1949 sumus.
971 1884 1198 1949 Gravissimus
1227 1894 1335 1949 autem
1363 1894 1415 1947 est

236 1991 289 2054 hic
323 1992 534 2077 partitionum
569 2001 648 2055 orat.
683 1989 777 2055 lacus
814 1992 890 2070 829
922 1991 978 2076 (cf.
1009 1992 1136 2077 27,97);
1169 1993 1231 2058 Sea
1257 1991 1416 2074 facillime

235 2099 330 2162 discit
352 2099 482 2163 auditor
504 2104 533 2162 et
556 2099 633 2179 qaid
656 2105 774 2180 apator
795 2098 957 2181 iutdlepit,
981 2101 1011 2162 si
1033 2101 1238 2179 complectare
1253 2100 1288 2162 in
1302 2100 1413 2180 pria·

235 2207 337 2284 cipio
361 2226 459 2288 penus
481 2211 691 2285 naturamque
713 2225 827 2268 causae
849 2207 879 2269 si
901 2206 1048 2286 definias,
1071 2206 1251 2277 sidioidas
1267 2206 1296 2269 si
1311 2225 1410 2285 neque

232 2313 437 2391 prudentiam
472 2314 540 2376 eius
572 2312 730 2392 impedias
759 2312 944 2393 confusione
972 2314 1119 2393 partium
1147 2333 1204 2376 nec
1226 2313 1409 2377 memoriam

235 2418 443 2484 rrirdtitudine.
496 2416 724 2499 Definitiouem
753 2419 838 2481 enim
875 2426 907 2481 et
942 2418 1138 2500 diuisionem,
1175 2440 1256 2504 quas
1293 2416 1409 2482 Cicera

184 2516 187 2521 ’
235 2523 287 2588 hic
322 2524 364 2589 ad
398 2525 588 2590 docilitatem
616 2523 855 2588 conciliandam
885 2524 1105 2606 commendat,
1140 2547 1246 2610 paene
1275 2524 1408 2588 easdem

234 2653 308 2695 esse
334 2642 431 2716 atque
454 2633 676 2714 oppositionem
694 2640 726 2694 et
741 2635 1005 2696 enumerationem
1024 2633 1089 2694 iam
1105 2631 1276 2716 Kayserus
1292 2654 1323 2716 p.
1343 2630 1408 2694 226

233 2738 409 2802 adnotavit.
457 2737 678 2801 Adiciendum
704 2746 755 2799 est
777 2735 930 2799 vocibus:
959 2740 988 2802 si
1010 2758 1108 2816 neque
1136 2788 1142 2800 .
1168 2788 1174 2800 .
1201 2787 1207 2799 .
1234 2740 1409 2818 partiam

233 2844 323 2908 illam
341 2848 536 2924 paucitatem
564 2846 586 2906 i.
617 2866 644 2906 e.
675 2844 845 2906 veritatem
873 2840 1057 2926 logicam³)‚
1082 2850 1117 2905 ut
1140 2843 1184 2904 ita
1208 2841 1326 2921 dicam,
1350 2864 1407 2906 vo·

341 3021 360 3086 ¹)
375 3021 481 3072 Auctor
493 3019 527 3071 ad
537 3019 570 3071 H.
584 3017 757 3071 distribuenti
769 3019 818 3070 aut
831 3016 996 3084 inpositione
1008 3018 1057 3070 aut
1066 3016 1265 3070 mumaatiaue
1273 3017 1407 3070 utendum

233 3124 293 3161 esse
312 3109 419 3161 statuit.
452 3107 493 3162 of.
509 3106 564 3162 Cic.
579 3108 613 3160 de
633 3108 703 3160 orat.
722 3105 932 3176 1119‚8o:p0a
950 3110 1039 3160 auam
1052 3105 1078 3173 li.
1092 3122 1115 3160 e.
1128 3107 1193 3174 post
1205 3105 1407 3175 narrationem)

232 3197 350 3252 diuidere
368 3214 477 3251 causam
496 3202 545 3250 cut
562 3211 723 3264 proponere.
760 3197 800 3248 Ac
823 3194 950 3264 profecto
974 3194 1096 3249 auctoris
1117 3196 1153 3248 ad
1171 3195 1205 3248 H.
1235 3194 1371 3263 expositio
1390 3211 1408 3247 a

231 3304 296 3339 vara
315 3287 434 3354 quadam
453 3285 644 3354 propositione
664 3286 710 3339 vix
729 3284 839 3338 diversa
858 3287 909 3338 sst.

339 3371 1405 3443 ²)cf.Cic.116‚23:atteutoefariemus....ei...eapouemusiadi-

230 3464 361 3518 cationum
380 3468 428 3515 aut
446 3462 632 3528 iudicationes,
651 3462 786 3528 sipiares
799 3468 885 3516 erunt.
922 3462 963 3514 Ex
989 3461 1087 3529 quibus
1106 3461 1173 3514 locis
1191 3460 1265 3513 inter
1283 3477 1312 3514 se
1332 3476 1405 3513 com-

231 3552 336 3621 paratis
365 3551 496 3615 Thielius,
525 3552 631 3618 quaest.
654 3569 682 3620 p.
703 3552 736 3602 14
759 3551 788 3603 in
808 3550 946 3604 communi
966 3567 1048 3617 quam
1067 3549 1166 3603 statuit
1185 3548 1264 3602 fonte
1283 3548 1405 3602 auctoris

230 3643 267 3695 ad
294 3642 329 3694 H.
358 3644 388 3694 et
415 3638 555 3694 Ciceronis
581 3642 763 3708 praeceptum
790 3639 876 3693 inisse
905 3638 1019 3692 conicit:
1043 3638 1066 3691 si
1088 3639 1204 3707 plures
1223 3637 1405 3692 iudicationes

230 3732 332 3798 essent,
351 3731 444 3798 plures
464 3729 642 3798 exponendas
663 3745 735 3782 esse:
756 3745 827 3796 quae
844 3729 929 3782 verba
948 3744 1011 3780 cum
1029 3728 1102 3780 male
1120 3727 1298 3794 intellegeret
1310 3724 1404 3780 Corni-

229 3821 322 3874 ficium
350 3820 377 3872 in
405 3834 545 3871 numero
574 3817 631 3870 vim
658 3817 779 3886 positam
808 3833 868 3871 esse
892 3817 1020 3886 putasse,
1044 3816 1139 3884 itaque
1163 3814 1402 3868 enumerationem

229 3909 444 3964 commendasse.
483 3907 538 3962 Sed
566 3907 694 3960 doctrina
720 3907 777 3974 illa,
806 3923 861 3974 qua
886 3905 1073 3973 Hermagorae
1096 3905 1239 3973 κρινόμενον
1257 3904 1287 3956 in
1304 3919 1403 3972 prooe-

228 3998 313 4050 mium
336 3997 502 4051 trahebatur
526 3997 617 4049 minus
643 3999 711 4064 apta
741 3998 784 4048 est
813 3994 858 4059 (cf.
878 4012 962 4069 supra
979 4012 1007 4062 p.
1025 3994 1085 4063 32);
1108 4010 1163 4061 quo
1186 3992 1322 4047 evincitur
1340 4008 1404 4045 auc·

227 4088 319 4140 torem
346 4087 383 4140 ad
406 4086 438 4138 H.
458 4085 517 4139 iure
542 4088 571 4139 et
598 4087 723 4140 consulto
747 4101 809 4138 eam
829 4084 935 4153 fugisse
961 4082 1007 4153 (ci.
1026 4101 1055 4152 p.
1074 4083 1128 4147 32).
1167 4081 1244 4146 Quae
1272 4098 1335 4135 cum
1362 4080 1404 4133 ita

229 4176 291 4241 sint,
320 4169 450 4243 equidem
476 4175 570 4243 potius
598 4174 763 4243 sumpserim
786 4173 955 4228 aOicerone
978 4173 1024 4226 vel
1048 4171 1107 4226 eius
1126 4171 1239 4226 doctore
1258 4170 1402 4238 antiquam

228 4268 257 4318 et
275 4265 378 4318 iustam
398 4265 563 4328 doctrinam,
582 4281 638 4333 qua
656 4264 773 4332 διαίρεσις
790 4263 841 4316 sub
864 4261 1028 4317 attentionis
1051 4260 1209 4332 praeceptis
1228 4259 1402 4324 tradebatur,

227 4353 425 4408 additamentis
443 4353 640 4421 Hermagoreis
660 4355 819 4421 corruptam
839 4369 909 4408 esse.
964 4397 966 4399 .

335 4441 354 4505 ³)
374 4441 407 4495 cf.
427 4441 582 4495 Volkmann
601 4460 628 4511 p.
651 4442 709 4494 172.

1135 4570 1139 4582 .
1170 4527 1203 4584 ,3
1316 4571 1323 4584 ,
1360 4571 1369 4587 t

1135 4602 1139 4614 Ι
1170 4602 1177 4616 J
1202 4600 1234 4628 δῦ,
1252 4601 1290 4617 δδδ
1315 4588 1332 4615 7¹
1360 4603 1368 4617 δ

1133 4630 1139 4643 1
1168 4629 1176 4643 a
1198 4642 1206 4656 a
1253 4635 1259 4646 1
1313 4619 1369 4646 θ’)
