3278 5206
766 456 807 467 -
855 420 988 511 52,-

284 577 496 664 Aristotelem
521 598 829 684 Anaximenemque
853 598 1088 678 intercedente,
1120 597 1302 661 sedetiam
1327 618 1365 662 eo
1390 620 1466 683 pro·

286 706 390 784 batur,
431 706 519 792 quod
553 716 700 770 oratores
737 705 884 769 crebrius
921 710 1109 797 ἀπαγγελίαν
1144 707 1176 768 in
1208 703 1321 790 plures
1356 715 1468 790 partes

288 814 452 895 scindunt,
479 836 497 878 e
523 812 641 899 quibus
666 833 884 898 unaquaeque
909 835 1002 876 suam
1026 811 1125 876 habet
1139 814 1465 897 argumentationem.

248 962 253 971 ·
288 921 393 984 Immo
417 919 499 983 haec
523 919 678 983 narrandi
701 921 782 983 ratio
808 919 884 983 olim
905 921 1017 1004 quinto
1035 919 1166 984 saeculo
1183 919 1266 983 adeo
1283 917 1422 983 florebat
1433 917 1464 1004 ¹),

288 1037 322 1091 ut
350 1026 548 1113 Antiphon2)
585 1035 618 1090 et
646 1025 837 1091 Andocides
867 1047 907 1089 ea
935 1025 1006 1089 sola
1033 1028 1086 1089 usi
1116 1026 1190 1088 sint.
1238 1025 1307 1089 Nec
1338 1047 1417 1089 vero
1447 1047 1470 1088 a

289 1137 394 1219 quarti
421 1130 546 1197 saeculi
569 1132 752 1197 oratoribus
777 1132 1021 1217 neglegebatur,
1047 1133 1135 1218 quod
1159 1154 1234 1196 cum
1251 1154 1293 1195 ex
1309 1131 1464 1195 Isocratis

288 1238 527 1326 Aeginetico3),
553 1248 621 1303 tum
644 1242 787 1303 maxime
811 1261 853 1302 ex
876 1238 1014 1324 lsae04),
1039 1242 1092 1303 cui
1117 1239 1298 1324 discipulus
1324 1238 1466 1303 clarissi-

289 1348 393 1433 mus⁶)
421 1349 494 1433 ipse
526 1367 657 1432 quoque
681 1345 844 1410 interdum
868 1368 905 1410 se
928 1346 1061 1427 addicit,
1091 1346 1242 1411 efficitur.
1289 1345 1399 1431 Atque
1424 1345 1464 1409 de

288 1455 376 1518 isaei
416 1456 516 1518 variis
554 1454 774 1517 narrationem
815 1453 1010 1539 disponendi
1050 1453 1155 1516 modis
1195 1489 1238 1498 -
1275 1462 1343 1516 tres
1378 1454 1467 1516 enim

290 1570 459 1626 enumerat
482 1598 525 1607 —
548 1560 682 1624 uberius
707 1559 888 1644 Dionysius
912 1559 985 1624 Hal.
1015 1559 1056 1624 de
1079 1560 1174 1624 Isaeo
1200 1581 1271 1645 cap.
1301 1561 1342 1623 14
1367 1568 1399 1622 et
1426 1559 1465 1622 15

291 1668 444 1753 disputat.
493 1666 595 1731 Ouius
629 1689 670 1730 ex
698 1666 928 1752 disputatione,
958 1688 1023 1751 qua
1050 1665 1187 1730 alterurn
1216 1666 1304 1730 Ieaei
1332 1665 1466 1729 modum

291 1774 344 1857 (cf.
374 1797 405 1860 p.
433 1775 551 1856 11122
566 1796 614 1859 sq.
644 1771 772 1856 [ts-R.)
801 1775 946 1854 omnino,
967 1772 1129 1856 tertiumt)
1157 1795 1276 1857 magna
1306 1795 1347 1836 ex
1373 1782 1467 1858 parte

293 2038 399 2107 (Jahrb.
418 2037 438 2091 f.
457 2037 494 2090 kl.
514 2032 586 2089 Phil.
606 2035 712 2089 XXVII
730 2035 799 2089 1902
818 2054 845 2105 p.
865 2037 928 2101 338)
953 2037 1092 2106 cognovit,
1117 2037 1194 2090 cuius
1215 2036 1347 2089 iudicium
1365 2036 1395 2089 in
1413 2037 1467 2089 hac

291 2127 392 2181 saltem
411 2143 441 2180 re
459 2126 509 2179 Ed.
529 2125 713 2182 Schwartz:
732 2125 763 2179 B.
783 2126 831 2194 ph.
850 2125 895 2179 W.
916 2113 985 2178 1903
1003 2144 1030 2196 p.
1051 2125 1101 2177 101
1121 2126 1167 2179 vix
1185 2114 1245 2179 iure
1262 2127 1411 2195 improbat,
1435 2128 1468 2178 ut

291 2233 325 2269 ex
343 2215 459 2269 Reuteri
479 2214 714 2268 commentatione
733 2214 916 2283 intellegitur.

398 2305 418 2374 ²)
438 2303 529 2357 Aliter
547 2303 741 2358 Schwartaius:
762 2302 824 2356 Ind.
844 2304 930 2357 schol.
949 2305 1037 2368 Boot,
1057 2303 1126 2357 1892
1145 2322 1171 2371 p.
1192 2303 1293 2372 9sqq.;
1316 2303 1467 2357 Navarrius

292 2413 318 2462 p.
340 2394 392 2446 122
402 2411 442 2460 sq.

399 2482 419 2548 Β)
440 2480 475 2536 ο1.
495 2481 592 2543 Blass,
602 2481 633 2534 A.
648 2480 680 2533 B.
693 2479 746 2549 11²,
765 2500 792 2551 p.
808 2481 867 2547 192,
881 2476 946 2534 238(
979 2482 1068 2534 Recte
1086 2481 1210 2534 Blassius
1228 2482 1257 2534 in
1275 2482 1328 2535 hac
1341 2481 1467 2535 oratione

292 2572 446 2625 isocratem
459 2572 493 2624 ab
506 2571 608 2624 usitato
622 2570 765 2624 schemate
776 2570 919 2636 discedere
932 2569 1010 2634 vidit,
1024 2587 1080 2623 non
1088 2574 1165 2625 recte
1176 2589 1257 2623 unam
1267 2571 1467 2639 narrationem,

291 2661 340 2714 sed
359 2659 529 2728 tripertitam
553 2662 582 2712 et
604 2659 777 2726 argumentis
800 2658 988 2727 interruptam
1013 2658 1043 2712 in
1061 2659 1181 2729 διήγησιν,
1204 2655 1364 2729 ἐπιδιήγησιν,
1383 2679 1467 2727 παρα-

293 2749 405 2818 διήγησιν
425 2747 538 2802 dirimit.

399 2839 421 2898 ⁴)
441 2837 477 2890 ci.
497 2838 575 2890 Blass
593 2836 648 2905 11²,
666 2855 694 2905 p.
713 2837 774 2891 120.

399 2927 420 2995 ⁶)
440 2929 476 2981 οῖ
495 2926 574 2980 Blass
593 2925 638 2978 111
658 2927 698 2992 1²,
718 2945 751 2995 p..
765 2926 827 2979 216.

399 3016 420 3082 ⁸)
440 3014 482 3068 De
505 3014 590 3068 tertio
612 3014 781 3069 narrationis
805 3017 985 3069 collocandae
1007 3033 1111 3082 genere
1136 3017 1279 3086 aliquanto
1302 3008 1390 3069 fusius
1409 3017 1467 3084 agit

293 3103 444 3159 Navarriua
471 3121 498 3172 p.
521 3094 584 3172 244,
611 3122 638 3172 p.
663 3103 796 3165 272-76,
823 3122 876 3159 nec
898 3122 964 3158 vero
987 3105 1038 3167 ita,
1059 3107 1092 3158 ut
1116 3123 1277 3175 supremum
1301 3105 1335 3158 de
1361 3105 1413 3157 hac
1437 3123 1473 3159 re

291 3191 425 3246 iudicium
450 3190 568 3246 adferat.
605 3192 699 3258 Atque
719 3191 867 3261 Dionysius
891 3210 950 3261 cap.
970 3193 1005 3246 15
1028 3195 1064 3246 ad
1086 3193 1202 3247 tertium
1224 3193 1294 3246 illud
1312 3210 1401 3262 genus
1421 3210 1468 3246 ex-

292 3279 453 3350 plicandum
471 3278 638 3333 narrationis
656 3282 754 3333 contra
772 3280 991 3349 Aristogitonem
1009 3282 1130 3352 habitae,
1143 3299 1217 3335 nunc
1236 3282 1350 3350 quidem
1369 3283 1469 3349 dapar·-

293 3370 369 3423 ditae
389 3368 600 3438 dispositionem
617 3367 738 3422 breviter
757 3368 918 3438 adstringit:
942 3369 977 3422 In
995 3371 1048 3424 hac
1066 3371 1192 3424 oratione
1204 3370 1299 3424 Isaeus
1318 3371 1384 3423 ante
1403 3387 1467 3438 pro-

292 3458 382 3527 priam
401 3456 514 3526 διήγησιν
533 3456 569 3509 ad
588 3456 804 3509 controversiam
823 3457 1007 3525 principalem
1023 3459 1222 3527 pertinentem,
1241 3475 1312 3527 quae
1329 3458 1391 3527 ipsa
1405 3453 1488 3512 cum

293 3545 465 3615 argumentis
484 3544 685 3613 commiscetur,
704 3546 908 3616 προιιατασαευήν
928 3547 1086 3601 adhibuisse
1105 3548 1214 3614 dicitur,
1234 3565 1289 3616 qua
1307 3549 1343 3601 de
1359 3547 1469 3616 legibus

293 3637 388 3688 narrat
416 3637 445 3687 et
472 3632 627 3711 narrationi
654 3632 751 3686 statim
779 3634 902 3699 ἀπόδειξιν
930 3635 1073 3704 subiungit
1101 3635 1204 3706 (113,7:
1233 3644 1331 3705 πρῶτον
1359 3637 1469 3699 ἀποδοὺς

293 3723 321 3788 ti.
341 3740 365 3776 e.
389 3724 581 3791 διηγησάμενος)
605 3722 647 3777 τὸν
670 3723 731 3790 ὑπὲρ
754 3729 804 3778 τῶν
826 3724 911 3793 νόμων
930 3724 1005 3793 λάγον
1027 3727 1072 3779 καὶ
1094 3731 1167 3780 rotro
1190 3725 1322 3790 ἀποδείξας
1339 3724 1366 3780 τὸ
1386 3724 1467 3794 μέρος,

295 3856 299 3866 .
321 3854 327 3866 .
347 3853 352 3866 .
373 3812 452 3874 οὕτως
469 3809 510 3866 ἐπὶ
528 3810 572 3880 τήν
591 3811 703 3884 διήγησιν
722 3805 842 3883 ἔρχεται),
861 3813 902 3865 ita
920 3818 952 3865 ut
969 3813 1023 3867 hoc
1042 3813 1153 3868 schema
1171 3815 1286 3868 evadat:
1305 3813 1341 3867 Ia
1358 3813 1470 3884 διήγησις

293 3901 347 3969 περὶ
364 3901 457 3969 νὸμων,
476 3900 512 3954 Ib
532 3900 662 3968 ἀπόδειξις,
682 3899 731 3953 lIa
744 3901 809 3969 †b
829 3901 941 3971 διήγησις
958 3901 1120 3971 principalis
1132 3920 1187 3956 una
1206 3920 1268 3957 cum
1287 3903 1467 3972 argumentis.

293 3991 329 4043 ut
353 3989 448 4043 similis
472 3989 584 4057 quidem
605 3992 649 4061 est
668 3991 808 4042 structura
826 3993 921 4044 sertae
940 3991 1014 4045 Isaei
1033 3992 1174 4060 orationis,
1198 4009 1269 4060 quae
1288 3992 1326 4046 ad
1343 3994 1468 4046 nostram

293 4078 454 4132 memoriam
473 4077 601 4146 pervenit
624 4077 670 4146 (cf.
694 4076 775 4130 Blass
793 4076 844 4145 11¹,
863 4096 890 4147 p.
910 4079 998 4147 520⁰).
1036 4080 1092 4134 Sed
1115 4082 1242 4149 exemplo
1264 4080 1312 4135 illo
1336 4079 1469 4135 orationis

295 4169 392 4220 contra
410 4166 630 4234 Aristogitonem
648 4165 764 4220 habitae
783 4167 910 4221 absoluto
928 4167 1076 4239 Dionysius
1094 4188 1121 4238 p,
1142 4169 1238 4237 narr
1257 4153 1357 4223 adicit:
1376 4173 1469 4232 πολλὰς

294 4250 317 4309 δ’
344 4255 373 4310 ἂν
397 4250 544 4332 ἔγσιμιιιαὶ
567 4253 660 4317 άλλας
682 4255 857 4326 παρασχέσθω
880 4257 1011 4326 διηγήσεις,
1033 4257 1106 4326 πρὸς
1123 4258 1155 4314 τὸ
1175 4258 1332 4328 συμφέρον
1352 4259 1468 4328 ᾠκονο-

295 4365 333 4413 μη
342 4343 436 4412 μένας
448 4334 495 4398 ὑπὸ
505 4349 549 4398 ποῖ
559 4343 660 4415 ῥήτορος
668 4350 890 4413 προκατασκευαῖς,
900 4353 1077 4415 παρασκευαῖς,
1088 4353 1222 4417 μερισμοῖς,
1231 4348 1329 4418 γωρίων
1340 4349 1467 4416 ἀλλαγαῖς,

295 4434 449 4502 πραγμάτων
468 4437 632 4500 μεταγωγαῖς,
650 4439 685 4501 τῷ
704 4437 736 4487 τὰ
754 4437 879 4502 κεφάλαια
898 4436 1078 4505 ἀνεστράφθαι,
1100 4443 1137 4506 τῷ
1156 4436 1190 4506 μὴ
1209 4441 1275 4492 κατὰ
1293 4443 1351 4500 τοὺς
1368 4437 1470 4508 χρὸνσυς
