3278 5206
510 1267 560 1343 lie
588 1264 749 1342 statibus
778 1268 815 1342 et
841 1263 1133 1342 ratiocinatione.

339 1461 380 1524 Et
416 1463 556 1546 primum
593 1459 724 1545 quidem
753 1461 868 1544 paucis
899 1458 1130 1522 demonstrabo
1161 1461 1256 1522 etiam
1288 1481 1411 1540 eorum,

232 1590 315 1654 quae
339 1568 427 1653 apud
451 1569 649 1652 posteriores
676 1566 807 1629 demum
832 1565 962 1629 exculta
987 1577 1018 1629 et
1040 1566 1188 1650 perfecta
1210 1575 1294 1649 sunt,
1319 1568 1410 1630 initia

232 1684 264 1738 et
286 1673 486 1738 incunabula
509 1675 572 1736 iam
597 1675 630 1736 in
654 1675 836 1757 antiquiore
861 1684 928 1737 arte
956 1675 1102 1758 reperiri.
1143 1673 1252 1737 Veluti
1272 1680 1411 1742 στάσεων

231 1779 396 1866 (statuum)
434 1781 591 1858 doctrina,
630 1802 693 1866 quo
722 1778 934 1844 fundamento
964 1790 1030 1844 tota
1058 1783 1220 1845 recentior
1247 1780 1411 1844 rhetorica

230 1889 355 1971 nititur,
395 1890 459 1951 iam
500 1887 588 1973 apud
624 1888 863 1951 Anaximenem
903 1897 934 1951 et
970 1887 1179 1951 Aristotelem
1219 1887 1411 1952 adumbrata

231 1994 401 2079 detegitur.
449 1995 520 2057 Non
556 2016 619 2080 quo
652 2004 755 2058 status
785 2004 900 2079 quarto
930 1994 1063 2058 saeculo
1088 2018 1107 2058 a
1130 1997 1295 2079 magistris
1321 2017 1408 2059 com·

147 2115 149 2119 '
231 2104 328 2188 positi
351 2111 383 2164 et
407 2101 523 2185 digesti
551 2100 647 2165 etad
671 2103 859 2166 universam
883 2101 1066 2165 rhetoricae
1091 2104 1259 2166 materiam
1283 2102 1406 2165 descri-

231 2209 372 2272 bendam
396 2208 634 2273 accommodati
657 2208 786 2272 fuerint.
829 2207 925 2287 Quod
950 2231 991 2272 ne
1014 2210 1187 2273 credamus
1209 2232 1248 2273 eo
1265 2211 1407 2272 maxime

230 2315 451 2401 prohibemur,
483 2317 558 2401 qnia
587 2324 676 2378 certa
706 2324 737 2378 et
762 2313 933 2378 sollemnia
955 2318 1097 2394 nomina,
1128 2314 1245 2400 quibus
1270 2318 1407 2378 recenti·

231 2444 305 2485 ores
341 2431 444 2484 status
474 2419 691 2506 appellabant,
721 2420 907 2484 Aristotelis
937 2431 1042 2485 aetate
1078 2421 1160 2485 adeo
1191 2421 1336 2502 deerant,
1372 2430 1408 2484 ut

229 2535 367 2608 στάσεως
400 2550 442 2590 ne
477 2548 542 2590 vox
578 2528 709 2613 quidem
744 2530 817 2612 ipsa
852 2550 954 2591 sensu
988 2528 1150 2591 rhetorico
1186 2527 1405 2590 adhiberetur.

228 2636 366 2699 Nomina
394 2636 491 2718 igitur
518 2635 627 2718 ignota
659 2645 759 2711 erant,
796 2640 849 2697 res
878 2636 969 2719 ipsae
1007 2636 1153 2715 usitatae,
1190 2643 1225 2697 ut
1257 2636 1404 2718 protinus

228 2765 399 2826 exponam.
441 2741 515 2821 Qua
539 2744 744 2827 expositione
768 2742 909 2805 fortasse
932 2739 1066 2826 paulum
1090 2741 1132 2804 ad
1155 2739 1246 2804 illam
1264 2743 1405 2825 quaesti-

229 2872 323 2912 onem
358 2848 599 2934 expediendam
636 2849 811 2926 conferam,
850 2848 890 2911 de
919 2871 983 2934 qua
1011 2850 1197 2912 etiamnunc
1228 2849 1291 2911 viri
1319 2847 1406 2911 docti

229 2956 385 3020 dubitant.
441 2955 571 3018 Etenim
601 2955 810 3038 Thielius1)
840 2964 874 3018 ut
898 2955 1080 3019 Minervam
1109 2977 1150 3018 ex
1175 2956 1261 3019 Iovis
1288 2957 1404 3039 capite,

227 3065 271 3126 ita
305 3069 444 3130 στάσεων
480 3062 660 3126 doctrinam
696 3086 738 3125 ex
768 3063 992 3145 Hermagorae
1028 3062 1192 3147 prodiisse
1221 3062 1403 3125 arbitratur.

229 3167 351 3232 Contra
396 3167 707 3254 Volkmannus2)‚
760 3168 1072 3250 Susemihlius3),
1124 3169 1403 3251 Hammerus⁴)‚

228 3277 378 3360 quamvis
402 3277 465 3360 ipsi
490 3297 620 3360 quoquc
644 3274 767 3361 aliquid
790 3277 875 3338 inter
899 3298 935 3339 se
961 3275 1091 3357 distent,
1122 3276 1184 3339 hoc
1207 3285 1315 3339 tamen
1339 3297 1406 3339 una
1483 3360 1486 3366 .

229 3382 430 3446 contendunt
454 3391 595 3446 statuum
620 3381 826 3467 disciplinam
850 3382 1005 3467 paulatim
1021 3383 1215 3467 prefecisse,
1239 3392 1405 3468 postremo

228 3488 268 3552 ab
294 3490 508 3573 Hermagora,
544 3492 637 3553 cuius
666 3492 770 3552 iustae
798 3488 922 3572 gloriae
953 3513 1017 3553 non
1047 3490 1237 3570 obtrectant,
1267 3490 1308 3554 ad
1333 3513 1405 3554 eam

228 3596 370 3659 formam
390 3596 557 3660 redactam
582 3619 667 3678 esse,
693 3619 776 3681 quae
802 3597 888 3683 apud
909 3600 1108 3686 posteriores
1130 3621 1250 3681 magna
1266 3600 1404 3662 auctori-

227 3712 292 3767 tate
316 3703 465 3769 florebat.
496 3704 604 3784 Quam
622 3707 815 3769 sententiam
832 3705 911 3768 mihi
933 3727 1062 3790 quoque
1079 3705 1258 3790 probatam,
1277 3714 1312 3768 ut
1327 3727 1404 3790 que·

229 3810 400 3873 dammodo
425 3810 558 3875 fulciam
583 3835 622 3876 ea
647 3834 729 3897 quae
760 3812 1007 3896 subsequuntur
1027 3812 1175 3897 proferre
1209 3813 1403 3896 constituil).

227 3937 440 3944 --ῃ

335 3990 355 4050 ¹)
376 3987 563 4055 Hermagoras
582 4006 608 4054 p.
631 3986 763 4040 178-80.

336 4076 354 4140 ²)
375 4076 392 4127 l.
413 4091 435 4127 c.
456 4094 483 4142 p.
503 4076 537 4128 43
548 4093 607 4143 sqq.
636 4091 639 4098 ·

336 4164 355 4226 ³)
377 4163 475 4217 Gesch.
501 4166 526 4216 d.
550 4165 655 4232 griech.
680 4166 747 4219 nite.
771 4167 800 4219 in
821 4168 846 4219 d.
867 4166 1105 4221 Alexandrinerzt.
1128 4165 1403 4234 1892‚11p.472⁸³.

335 4254 356 4320 ⁴)
376 4252 406 4305 B.
425 4253 471 4321 ph.
491 4253 535 4306 W.
556 4254 635 4317 1893,
655 4275 682 4324 p.
702 4257 779 4309 1544.

337 4342 356 4410 ⁵)
376 4340 409 4393 In
427 4342 480 4396 hae
500 4342 590 4410 prima
610 4345 733 4412 opusculi
753 4348 833 4414 parte
854 4345 992 4399 Ciceronis
1012 4345 1115 4414 scripta
1134 4351 1247 4413 praeter
1265 4346 1352 4398 libros
1370 4347 1404 4398 de

226 4429 388 4483 inventione
407 4448 470 4484 raro
490 4434 607 4501 respexi.
639 4434 675 4487 Et
687 4437 820 4503 poterant
833 4435 1032 4503 praetermitti,
1052 4434 1117 4501 qnia
1137 4434 1240 4501 Cicero,
1258 4440 1403 4503 postquam
