3278 5206
709 433 931 501 -23-

231 616 390 703 όικρυατῶν
424 618 600 702 παρασκευή
636 611 689 693 (cf.
719 611 848 696 99‚22);
884 611 954 678 Cic.
983 611 1000 677 Ι
1030 612 1142 694 15,20;
1172 614 1335 679 exordium
1362 620 1407 680 est

231 720 333 784 oratio
368 721 534 785 ouimuui
564 719 758 784 auditoris
790 719 899 785 idoueo
928 740 1153 801 compartus
1183 720 1226 784 od
1252 721 1407 804 reliquum

231 827 415 905 diotiouuu3
444 835 529 890 auct.
560 826 602 891 ad
629 826 671 890 Η.
706 825 815 907 Ι3,4;
855 827 1018 893 exordium
1045 833 1090 893 est
1110 828 1309 910 priuu'piuru
1336 848 1406 895 oro-

231 934 336 1014 tiouis,
355 952 417 1012 per
439 934 522 1014 quod
544 934 696 999 uuiruur
719 933 913 1001 auditoris
935 935 1188 999 constituitur
1210 933 1253 999 ud
1275 935 1406 1026 audieu-

233 1040 310 1105 dum
333 1038 441 1124 (simil.
466 1039 575 1121 Ito).
621 1039 724 1103 Recte
748 1048 856 1105 autem
880 1037 1063 1123 Thielius1)
1088 1041 1221 1106 conicit:
1248 1061 1406 1120 „coneenr
1504 1063 1507 1068 ·

231 1171 304 1213 sum
330 1147 421 1212 illum
445 1150 530 1212 inter
553 1168 737 1229 componore
760 1157 792 1211 et
814 1149 1000 1212 constituere
1023 1147 1066 1210 ad
1083 1145 1248 1212 Graecum
1264 1144 1407 1212 vocubu-

229 1254 296 1318 lum
321 1260 563 1347 παρασκευάζειν
586 1253 796 1319 referendum
820 1258 928 1318 esse.“
965 1253 1058 1319 Idem
1074 1256 1124 1319 vir
1141 1254 1256 1318 doctus
1274 1252 1406 1319 Cicero-

231 1383 307 1425 nem
324 1362 498 1425 arbitratur
512 1359 602 1425 illam
619 1360 850 1439 definitionem,
868 1345 959 1446 ¹quue
977 1369 1084 1425 exstat
1099 1363 1132 1424 in
1149 1360 1223 1424 Rufi
1240 1363 1405 1447 excerptis

230 1467 304 1552 (Rh.
323 1466 709 1556 Gr.1399‚1tsp.-H.):
734 1474 890 1560 προοίμιόν
914 1474 980 1536 ἔστι
1002 1474 1097 1559 λόγος
1119 1472 1407 1559 παρασκευάζων

230 1580 300 1644 πὸν·
322 1580 507 1665 ἀκροατὴν
536 1580 577 1658 εἰς
602 1582 658 1661 τὴν
681 1581 875 1668 ὑποκειμένην
899 1579 1041 1644 ὑπόθεσιν
1065 1579 1231 1660 ἐπιτήδειον
1256 1576 1405 1641 vertisse.

230 1683 303 1748 Hoc
337 1684 400 1747 etsi
434 1682 577 1748 fortusse
611 1705 727 1746 verum
760 1692 820 1764 est,
849 1679 947 1745 velim
976 1681 1125 1746 attendas
1157 1703 1271 1747 omnes
1299 1703 1406 1767 paene

230 1790 388 1874 prooemii
432 1788 672 1874 descriptiones
712 1788 861 1854 Graecus
898 1791 985 1854 inter
1023 1809 1059 1852 se
1099 1787 1281 1855 simillimas
1320 1809 1405 1866 esse,

232 1898 352 1981 quippe
387 1917 470 1983 quae
504 1918 618 1960 omnes
647 1895 749 1960 verba
776 1900 1015 1986 παρασκευάζειν
1040 1901 1095 1964 τόν
1123 1899 1280 1986 ἀκροατήν
1307 1895 1407 1959 conti·

230 2012 338 2067 neunt.
387 2003 430 2066 cf.
458 2025 486 2068 e.
510 2025 542 2088 g.
567 2023 662 2067 anon.
689 2001 764 2088 Seg.
790 2002 843 2079 2‚1
869 2003 917 2086 (et
941 2001 983 2066 ad
1007 2001 1095 2066 hunc
1118 2000 1225 2066 locum
1251 1999 1405 2066 Greeven

231 2134 262 2196 p.
287 2109 467 2196 ΧΧΧΙΧ);
497 2110 567 2193 3,3;
596 2109 666 2193 9,8;
695 2109 793 2190 23‚17
820 2119 852 2175 et
875 2109 1015 2195 Dionys.
1040 2107 1113 2174 Hal.
1140 2106 1180 2172 de
1203 2108 1282 2195 Lys.
1307 2107 1406 2191 28,st

232 2217 287 2301 (ei.
312 2216 426 2307 35,i3)
449 2216 562 2283 Us-R.

339 2323 437 2403 Quod
469 2345 549 2388 vero
578 2323 724 2389 Thielius
759 2332 884 2409 quaest.
921 2346 952 2408 p.
988 2323 1009 2386 4
1045 2322 1133 2407 apud
1161 2331 1329 2386 auctorem
1364 2321 1406 2387 ad

231 2430 273 2494 H.
310 2452 375 2494 non
412 2429 509 2494 modo
545 2429 630 2494 hauc
671 2451 877 2494 communem
910 2430 1151 2494 Isocrateorum
1184 2439 1221 2492 ut
1255 2431 1406 2514 opinatur

231 2536 454 2602 definitionem
471 2545 601 2603 exstare
618 2547 739 2619 monet,
757 2534 816 2600 sed
833 2537 866 2600 in
881 2559 952 2602 vu:
973 2537 1134 2601 exordium
1151 2542 1196 2600 est
1205 2536 1412 2616 principium.

230 2645 384 2710 orotiouis
411 2643 509 2708 aliam
538 2666 584 2710 sc.
608 2642 840 2710 Aristoteleam
863 2641 1066 2708 reconditam
1090 2664 1166 2708 esse
1189 2650 1291 2728 putet,
1320 2663 1404 2728 quae

232 2759 294 2816 est:
324 2757 482 2843 προοίμιόν
510 2756 590 2820 ἐστιν
618 2755 696 2842 ἀρχὴ
723 2757 818 2842 λόγου
847 2750 1041 2834 (1414b193
1065 2748 1107 2815 cf.
1134 2748 1274 2833 15215),
1303 2750 1348 2816 ite
1370 2756 1408 2813 ut

232 2855 452 2941 colligendum
477 2859 527 2935 sit,
555 2858 663 2943 „apud
687 2857 899 2923 Cornificium
912 2845 1006 2920 'duae
1030 2857 1210 2920 contraries
1234 2857 1406 2942 opiniones

231 2984 251 3027 a
273 2965 453 3048 posteriore
478 2963 620 3050 quodam
644 2963 775 3028 rhetore
799 2963 883 3028 falso
898 2964 932 3027 in
947 2985 1049 3027 unum
1066 2961 1224 3027 conflatas
1242 2963 1407 3048 exstere“,

229 3071 343 3135 neseio
367 3093 410 3135 an
433 3072 484 3135 vir
509 3070 626 3136 doctus
650 3073 794 3137 auctoris
819 3070 860 3134 ad
884 3069 925 3135 H.
951 3069 1053 3134 verba
1076 3072 1162 3133 iusto
1187 3071 1335 3154 argutius
1358 3069 1409 3132 in*

229 3184 427 3265 terpretatus
453 3177 538 3261 sit2).

337 3392 361 3452 ό)
379 3389 558 3457 quaestiones
576 3407 603 3458 p.
623 3389 649 3443 3.

338 3479 361 3543 ²)
378 3477 552 3547 Quemquam
572 3482 681 3533 certum
699 3481 742 3532 est
762 3479 941 3533 Aristotelem
961 3481 996 3534 de
1015 3481 1151 3548 prooemii
1164 3480 1257 3536 officio
1271 3497 1327 3536 non
1339 3498 1409 3536 eun-v

230 3565 295 3620 dem
322 3567 491 3622 sententium
520 3569 652 3623 habuisse
677 3584 757 3636 quem
783 3569 908 3623 rhetores
930 3570 1202 3641 intercidebant.
1247 3570 1283 3624 Et
1304 3570 1347 3624 ΙΙΙ
1371 3571 1405 3624 13

230 3655 351 3723 uiridem,
370 3673 424 3724 quo
442 3656 536 3727 cupite
553 3656 584 3711 in
602 3656 728 3725 vulgaris
744 3656 930 3711 institutionis
948 3675 1038 3726 nugas
1057 3675 1125 3726 ques
1144 3659 1285 3713 existimet
1297 3659 1404 3714 invehi-

228 3749 284 3809 tur,
303 3744 423 3801 orationi
443 3746 511 3800 duas
529 3747 625 3815 partes
643 3762 680 3814 sc,
701 3747 818 3815 recitetur
838 3748 867 3800 et
884 3745 964 3802 πίστιν
982 3746 1154 3801 necessarius
1171 3765 1231 3801 esse
1250 3747 1290 3802 eit
1302 3748 1406 3813 (14140

221 3832 262 3892 ,31
273 3851 325 3902 sq„
347 3833 402 3902 οῖς
420 3833 457 3889 ci.
477 3833 611 3901 140426).
648 3833 702 3889 Sed
726 3837 825 3904 posted
847 3851 886 3889 ce.
912 3835 946 3887 14
956 3852 1017 3903 sqq.
1040 3835 1075 3888 nb
1098 3836 1151 3890 hec
1170 3836 1300 3890 docmina
1316 3836 1405 3905 philo·

228 3921 342 3991 sophica
365 3925 395 3976 et
414 3923 562 3977 dialectice
581 3923 728 3979 discedens
747 3925 873 3992 quemvis
891 3923 997 3978 inritus
1015 3924 1052 3979 ed
1071 3925 1212 3993 vulgarem
1231 3925 1406 3994 disciplinam

226 4010 387 4079 revertitur,
412 4029 467 4080 quo
490 4013 530 4080 fit,
553 4015 587 4066 nt
610 4015 672 4067 tota
689 4012 780 4067 libelli
798 4014 854 4081 περὶ
872 4013 966 4078 τάξεως
985 4012 1133 4081 explicatio
1152 4031 1250 4083 purum
1268 4015 1318 4069 sibi
1339 4031 1406 4068 σου·

228 4102 308 4153 stans
330 4103 360 4154 et
383 4116 556 4169 consequens
579 4103 683 4156 evadet
707 4102 796 4167 (Marx
816 4121 844 4171 p.
863 4101 982 4166 idi-83
1006 4101 1168 4157 Wendlund
1186 4121 1214 4172 p.
1233 4102 1276 4169 35,
1295 4103 1343 4170 383
1367 4102 1404 4156 cf·

228 4188 315 4242 etiem
333 4188 460 4259 Loening
477 4207 505 4259 p.
526 4190 579 4255 75).
613 4191 691 4256 Quod
713 4192 827 4260 quidem
846 4191 910 4246 ilico
929 4191 957 4244 in
976 4191 1110 4260 prooemii
1128 4192 1298 4247 trwtetione
1316 4191 1404 4246 cerni·

227 4281 281 4332 tur.
318 4277 360 4332 Ex
382 4278 451 4333 locis
474 4278 547 4333 enim
571 4281 657 4336 modo
675 4281 769 4335 citetis
787 4281 945 4336 coniectare
965 4280 1099 4335 debemus
1116 4280 1312 4350 philosophum
1330 4282 1403 4335 hunc

226 4365 359 4421 metionis
378 4370 488 4436 purtem
507 4385 744 4438 supervacaneam
761 4369 904 4425 iudicasse.
949 4369 1044 4424 Nihilo
1067 4370 1157 4424 secius
1174 4370 1204 4423 in
1222 4370 1283 4439 ipso
1295 4403 1297 4407 .
1310 4369 1403 4438 cupite

227 4453 272 4510 111
301 4455 336 4510 13
367 4456 541 4524 prooemium
567 4460 732 4528 plerumque
761 4458 950 4513 adhibendum
983 4476 1044 4513 esse
1077 4460 1205 4514 concedit
1237 4460 1347 4530 (lomb
1361 4459 1399 4531 8),
