3278 5206
707 395 927 460 -36-

231 585 263 640 et
285 583 399 639 auctor
427 573 470 638 ad
497 574 539 637 H.
570 572 587 636 Ι
610 573 665 652 b,8
695 582 846 658 quattuor
876 573 981 636 modis
1005 571 1114 657 colligi
1142 595 1242 659 posse
1268 573 1400 637 docent:

229 685 273 749 ab
297 689 443 759 nostro,
476 682 520 746 ab
554 681 877 760 adversariorum,
909 681 953 746 ab
981 681 1200 746 auditorum
1217 702 1404 763 persono,

228 791 273 857 oh
306 790 418 854 rebus
440 789 550 869 ipsis.
603 785 654 853 En
684 785 799 851 eadem
835 784 984 850 doctrina
1016 787 1103 873 apud
1139 786 1288 851 Graecos
1325 809 1405 874 quo·

223 919 294 983 ‘que
333 896 511 980 scriptores
555 892 822 979 deprehenditur.
882 893 1013 957 Etenim
1051 893 1289 977 Anaximenes,
1328 916 1404 957 cum

229 1005 382 1088 disputat,
419 1000 496 1087 quid
532 1001 565 1064 in
599 1022 722 1085 genere
756 999 903 1067 iudiciali
935 1015 979 1090 τῷ
1014 1007 1092 1090 μήτε
1126 1003 1157 1068 εὖ
1192 1008 1269 1091 μήτε
1302 1015 1407 1081 κακῶς

227 1117 408 1199 διακειμένῳ
431 1106 619 1171 faciendum
641 1108 685 1170 sit
707 1105 818 1191 (85,18
832 1106 908 1192 sq),
932 1109 966 1170 in
989 1105 1089 1171 rebus
1114 1094 1246 1193 quidem
1264 1107 1403 1173 eandem

229 1214 497 1302 quadripertitam
521 1212 715 1278 divisionem
731 1213 840 1289 habet,
859 1235 1057 1299 quamquam
1075 1223 1164 1278 certa
1180 1224 1212 1278 et
1233 1213 1403 1279 sollemnia

228 1320 390 1389 vocabula
414 1321 580 1390 deficiunt.
620 1319 815 1388 Aristoteles
839 1330 946 1385 autem
970 1343 1037 1385 non
1054 1320 1161 1387 solum
1184 1343 1253 1385 rem
1269 1320 1403 1406 profert,

232 1431 291 1494 sed
326 1429 424 1493 etiam
460 1427 595 1491 eosdem
628 1425 698 1490 fere
734 1428 889 1490 terminos
922 1427 973 1489 Ill
998 1427 1165 1509 lamma
1192 1426 1248 1491 25:
1279 1432 1408 1517 λέγεται

226 1544 264 1608 δὲ
296 1547 397 1605 ταῦτα
432 1538 467 1605 da
500 1562 537 1602 rs
570 1545 626 1602 τοῦ
653 1541 841 1626 λέγοντος
867 1539 919 1602 καὶ
945 1545 1014 1602 τοῦ
1043 1538 1236 1625 ἀκροατοῦ
1263 1539 1316 1603 καὶ
1338 1546 1405 1601 τοῦ

227 1650 448 1735 πράγματος
474 1647 527 1710 καὶ
554 1653 609 1710 τοῦ
638 1645 816 1710 ἐναντίου.
864 1639 962 1722 Quod
989 1661 1067 1705 vero
1095 1639 1243 1706 Marxius
1278 1663 1310 1728 p.
1338 1639 1406 1705 318

228 1749 281 1816 hio
315 1749 450 1815 miratur
483 1745 670 1832 Stagiritam
703 1769 828 1813 meram
856 1746 1063 1832 partitionem
1091 1746 1249 1829 indicare,
1277 1749 1312 1813 in
1340 1768 1405 1833 qua

227 1859 300 1943 ipsa
334 1864 460 1924 rectam
496 1857 615 1919 seriem
651 1853 770 1936 turbet,
806 1855 990 1941 partitionis
1021 1862 1131 1919 autem
1167 1855 1405 1939 expositionem

227 1985 333 2053 paene
367 1971 468 2026 totam
504 1962 663 2043 omittere,
691 1960 902 2025 statuendum
931 1971 982 2027 est
1009 1959 1205 2047 philosopho
1232 1982 1298 2025 non
1322 1981 1406 2045 opus

228 2069 332 2137 fuisse
369 2067 573 2155 disciplinam
607 2089 814 2134 communem
848 2066 996 2154 pluribus
1032 2066 1176 2132 enodare
1211 2067 1269 2150 (cf.
1306 2088 1407 2151 supra

227 2200 259 2263 p.
284 2176 349 2257 25).
397 2162 512 2260 'Atque
548 2174 630 2239 haec
659 2174 768 2241 omnia
801 2183 980 2260 praecepta
1011 2173 1161 2258 vulgaria
1194 2173 1299 2240 fuisse
1331 2173 1405 2239 Ari-

230 2281 363 2350 stoteles
387 2284 459 2367 ipse
483 2291 630 2359 testatur,
655 2303 730 2344 cum
754 2303 794 2345 ea
817 2280 836 2346 l.
863 2303 891 2344 c.
916 2285 1105 2371 ἰατρεύματα
1127 2287 1179 2350 καὶ
1202 2279 1284 2367 (und
1305 2282 1406 2362 zwar)

228 2396 316 2461 κοινά
339 2386 489 2475 appellat.
538 2388 693 2455 Ceterum
716 2389 782 2453 iam
807 2386 1004 2472 Spengelius
1034 2388 1076 2451 ad
1100 2387 1198 2451 Arist.
1226 2386 1337 2451 1415a
1361 2385 1406 2450 25

228 2496 271 2581 (p.
297 2493 376 2575 429)
411 2494 559 2558 adnotat:
597 2493 699 2574 „haec
727 2503 903 2579 praecepta
926 2516 992 2557 non
1015 2491 1227 2561 Aristotelem
1252 2494 1405 2578 primum,

230 2602 290 2667 sed
324 2600 472 2665 rhetores
509 2610 614 2679 aetate
649 2602 775 2686 priores
803 2602 981 2682 invenisse,
1007 2598 1244 2685 posterioribus
1268 2597 1407 2685 probata

231 2719 263 2771 et
286 2709 451 2793 accepta.“
498 2706 647 2772 Marxius
671 2716 780 2773 autem
797 2708 919 2792 optimo
935 2708 1005 2770 iure
1021 2729 1054 2792 p.
1071 2707 1136 2771 318
1153 2706 1339 2772 Isocrateos
1356 2707 1404 2768 in-

229 2812 362 2899 tellegit,
381 2816 458 2899 quia
473 2836 657 2899 anonymus
672 2813 746 2898 Sag.
765 2811 783 2898 ξ
797 2814 815 2875 7
831 2813 895 2898 (2,ss
907 2815 970 2899 sq.)
990 2822 1021 2876 et
1033 2813 1215 2898 Dionysius
1224 2812 1247 2890 1}
1263 2812 1337 2894 28‚1
1354 2834 1403 2896 sq.

233 2921 370 2987 eandem
404 2920 551 3006 regulam
587 2920 752 2984 exhibent.
799 2921 925 2986 Tamen
950 2919 1013 2986 hac
1035 2943 1072 2984 re
1101 2921 1255 2984 differunt
1283 2918 1406 2984 dirersi

232 3031 421 3114 scriptores,
445 3027 532 3112 quod
556 3027 649 3093 alteri
682 3026 801 3110 (Anax.
829 3025 849 3091 l.
876 3049 915 3109 o.,
945 3026 1062 3092 Cicero
1092 3027 1133 3095 de
1161 3029 1225 3091 inv.
1254 3025 1273 3090 Ι
1298 3024 1406 3106 1632,

232 3145 343 3203 auctor
378 3134 420 3199 ad
443 3134 485 3199 H.
522 3133 538 3196 Ι
566 3133 635 3215 b‚8)
670 3132 758 3197 illam
791 3133 1052 3199 distributionem
1088 3133 1194 3197 favori
1229 3131 1407 3196 emerendo

233 3240 407 3320 subiciunt,
432 3238 524 3304 alteri
548 3240 660 3322 (Arist.
684 3239 703 3307 l.
727 3262 770 3322 c.;
795 3250 910 3307 auctor
933 3240 976 3307 ad
999 3241 1039 3305 H.
1066 3240 1406 3324 1116,111ngene1·e

233 3348 503 3430 demonstrativ03
528 3346 645 3412 Cicero
662 3345 851 3433 (Antonius)
876 3347 916 3411 de
941 3357 1019 3413 orat.
1043 3346 1405 3431 11793213211101151111.

233 3455 322 3540 Seg.)
357 3455 398 3519 ab
427 3475 466 3518 ea
488 3462 591 3521 totum
616 3456 818 3539 prooemium
845 3453 1012 3540 proficisci
1040 3451 1164 3519 volunt.
1216 3452 1304 3532 Quid
1327 3475 1411 3516 vero·

231 3562 414 3647 Dionysius
450 3560 491 3623 de
525 3560 588 3624 hao
622 3583 659 3624 re
684 3562 840 3641 statuerit,
873 3583 938 3624 non
962 3558 1074 3646 liquet,
1110 3561 1237 3623 etiamsi
1265 3581 1340 3623 eum
1364 3558 1406 3622 ab

231 3668 448 3733 Anaximenis
482 3668 643 3732 sententia
675 3676 762 3732 stare
786 3667 860 3730 ideo
889 3669 1101 3752 sumpserim,
1138 3668 1213 3753 quia
1248 3665 1281 3728 hi
1308 3664 1405 3729 ambo

234 3776 410 3859 scriptores
434 3774 467 3835 in
491 3771 546 3838 illa
569 3775 742 3859 partitione
767 3772 963 3859 explicanda
979 3771 1032 3837 vel
1052 3772 1194 3839 maxime
1211 3781 1404 3857 congruunt.

232 3881 386 3965 Denique
410 3876 526 3943 Cicero
550 3889 632 3967 part.
658 3902 704 3944 or.
729 3879 895 3962 aaa-29
919 3878 1041 3967 aliquid
1065 3879 1188 3967 proprii
1204 3877 1311 3961 habet,
1330 3900 1406 3941 cum

232 3985 392 4079 principia
426 3992 483 4051 out
517 4007 555 4051 aa
583 3989 732 4065 aaronis
765 3992 822 4051 out
852 4007 890 4051 ea
922 3987 1016 4051 rebus
1041 3987 1122 4066 apsis
1145 3983 1296 4050 ducenda
1331 4005 1407 4046 esse

233 4151 446 4163 ———-

341 4231 361 4300 ¹)
382 4230 530 4300 Dionysius
549 4233 701 4300 antequam
720 4231 757 4287 ad
776 4232 852 4289 illam
871 4231 1094 4286 distributionem
1106 4229 1224 4294 aceedit,
1240 4231 1311 4286 haec
1322 4232 1407 4284 verba

234 4321 391 4375 memoratu
410 4319 495 4388 digna
512 4320 671 4390 praemittit
689 4320 780 4384 2734:
796 4361 802 4373 .
817 4362 822 4374 .
838 4363 844 4374 .
858 4319 923 4389 ὁρῶν
936 4320 965 4374 δὲ
977 4320 1018 4375 τὸν
1032 4321 1123 4388 ῥήτορα
1132 4325 1193 4374 πᾶσι
1201 4318 1361 4390 κεχρημένον,
1372 4311 1409 4380 οἷς

233 4407 339 4480 τέχναι
356 4428 388 4463 τε
406 4407 664 4477 παραγγέλλουσι
682 4409 726 4464 καὶ
743 4413 776 4464 τὰ
793 4411 930 4478 πράγματα
948 4411 1068 4477 βούλεται.
1087 4407 1124 4463 cf.
1142 4407 1235 4477 34,19;
1255 4407 1342 4475 saio,
1363 4406 1407 4461 21.
