3278 5206
738 421 956 485 ,72-

255 600 500 666 Anaximenem
526 598 741 681 desideratur,
767 603 823 685 qui
846 623 876 686 p.
895 598 937 664 14
962 596 1015 683 (cf.
1035 599 1111 682 104)
1135 605 1172 667 τὸ
1197 608 1346 692 συμφέρον
1370 601 1439 666 dis-

147 794 148 797 ,
260 709 361 795 pertit
382 710 417 772 in
440 719 538 800 σῶμα,
564 712 669 799 ψυχήν,
694 714 735 775 τὰ
759 712 915 791 ἐπίκτητα.
969 705 1067 786 Quod
1095 727 1174 769 vero
1198 730 1230 793 p.
1248 705 1292 771 80
1313 716 1356 777 τὰ
1379 712 1439 790 ἔξω

256 826 315 902 τῆς
343 820 462 906 ἀρετῆς,
489 815 608 899 quain
633 815 744 899 specie
769 814 866 877 etiam
891 815 1039 899 corporis
1070 812 1156 876 bona
1186 811 1369 897 versantur,
1404 826 1437 879 et

258 924 363 1008 ipsam
402 927 512 1013 &psi-qv
545 919 750 1005 discernit¹),
785 919 870 983 hanc
902 922 1115 985 mutationem
1144 921 1275 1004 generis
1305 920 1438 985 demon-

266 1031 392 1094 strativi
427 1029 617 1115 proprietati
654 1027 856 1113 respondere
896 1025 1137 1091 Wendlandius
1178 1027 1221 1113 (p.
1259 1025 1316 1114 55)
1356 1028 1437 1093 mibi

263 1138 437 1222 persuasit.

368 1240 564 1307 Aristoteles
593 1250 713 1323 autem,
744 1243 800 1326 qui
827 1242 899 1326 ipse
929 1262 1059 1326 quoque
1083 1240 1253 1325 vulgarem
1278 1242 1440 1307 debonis

261 1348 419 1414 trifariam
442 1348 629 1413 dividendis
646 1348 827 1413 doctrinam
844 1347 998 1429 celebrat,
1015 1349 1050 1411 in
1065 1347 1261 1431 Rhetoricis,
1279 1372 1363 1434 quae
1379 1351 1441 1413 im-

262 1457 377 1543 primis
390 1454 657 1541 contemplamur,
672 1465 846 1540 postquam
860 1454 1189 1537 15‚1360b19-23
1202 1457 1307 1541 primo
1320 1455 1438 1520 silvam
1545 1457 1548 1463 ’

262 1563 425 1649 quandam
449 1561 620 1644 bonorum,
646 1582 729 1647 quae
754 1570 829 1654 μέρη
852 1574 909 1648 τῆς
931 1567 1122 1654 εὐδαιμονίας
1145 1573 1250 1639 vocat,
1267 1560 1363 1626 nobis
1380 1562 1441 1631 ob-

261 1668 343 1752 tulit,
375 1670 484 1733 statim
509 1668 671 1734 1360524
686 1691 734 1754 sq.
759 1667 845 1733 banc
870 1667 1066 1733 divisionem
1090 1667 1146 1732 tali
1169 1667 1267 1733 modo
1290 1669 1439 1754 praebet,

262 1785 298 1840 ut
320 1774 453 1845 habeat:
479 1762 524 1844 ’τὰ
548 1781 579 1843 ἐν
602 1780 685 1865 αὐτῷ
711 1774 858 1866 (ἀγαθά),
883 1777 976 1839 cuius
1001 1777 1103 1860 partis
1127 1777 1233 1865 ipsius
1257 1774 1440 1862 particulae

263 1891 340 1946 sunt
374 1884 402 1945 1.
433 1889 474 1950 τὰ
500 1889 566 1974 περὶ
594 1886 699 1973 ψυχήν,
730 1883 761 1946 2.
790 1890 831 1951 τὰ
860 1887 891 1950 ἐν
914 1890 1034 1966 σώματι
1058 1891 1090 1945 et
1111 1890 1153 1950 τὰ
1177 1888 1266 1963 ἐκτὸς
1286 1883 1438 1974 ἀγαθάῖ).

262 1988 365 2053 Porro
395 1986 611 2075 philosophus
640 1989 657 2052 I
685 1988 715 2068 6,
747 1986 910 2053 1362510
924 1989 1005 2073 sq.³l
1038 1992 1150 2078 ἀρετὰς
1181 1993 1286 2079 ψυχῆς,
1319 1989 1441 2053 deinde

264 2104 407 2189 σώματος
431 2104 609 2177 enumerat,
633 2104 702 2159 tum
726 2093 895 2180 complura
919 2103 1056 2158 externa
1072 2093 1157 2158 bona
1173 2096 1340 2181 proponit,
1358 2105 1441 2159 tam-

265 2204 327 2266 etsi
349 2223 470 2266 nomen
492 2203 551 2285 (sc.
574 2210 616 2270 τὰ
639 2205 696 2282 ἔξω
721 2203 791 2265 sive
815 2209 857 2269 τὰ
880 2201 983 2284 ἐκτός)
1007 2199 1061 2264 bic
1085 2223 1150 2265 non
1176 2203 1327 2265 occurrit.

370 2309 441 2372 Nec
464 2309 498 2371 in
520 2309 645 2372 Latinis
671 2309 801 2392 scriptis
827 2307 942 2371 eadem
965 2315 1008 2376 τὰ
1024 2311 1133 2398 ἀγαθά
1149 2309 1307 2392 tripertito
1332 2309 1439 2372 distri·

264 2414 387 2479 buendi
410 2417 492 2479 ratio
510 2415 613 2478 deest.
652 2413 778 2478 Auctor
802 2415 887 2476 enim
911 2413 1009 2477 adH.
1026 2414 1126 2495 1116,
1145 2414 1188 2478 10
1203 2435 1257 2478 res
1275 2423 1441 2497 externas,

265 2523 422 2608 eorporis,
435 2522 535 2585 animi
547 2520 634 2584 bona
647 2520 856 2604 distinguitlt.
882 2520 966 2584 Item
978 2518 1094 2584 Cicero
1112 2520 1153 2584 de
1166 2523 1232 2584 inv.
1246 2520 1281 2584 ΙΙ
1293 2521 1346 2604 52,
1362 2523 1442 2604 1773

266 2629 306 2692 de
325 2637 405 2693 orat.
418 2627 471 2692 ΙΙΙ
484 2628 537 2709 29,
552 2626 629 2709 1153
648 2636 729 2713 part
742 2649 787 2692 or.
807 2626 858 2706 10,
876 2627 935 2710 353
955 2629 1006 2709 11,
1020 2627 1063 2692 38
1076 2627 1143 2712 (24,
1158 2626 1229 2712 87),
1243 2637 1309 2714 top.
1327 2629 1380 2710 23,
1397 2629 1443 2693 89

265 2735 400 2818 (2283).
448 2734 536 2814 Quin
560 2735 658 2797 etiam
681 2732 736 2797 illa
759 2733 913 2819 bipertita
937 2733 1166 2818 distributi05),
1195 2757 1293 2820 quam
1316 2734 1442 2799 Anaxi-

374 2929 394 2994 q
413 2925 448 2980 cf.
468 2926 553 2979 Arist.
573 2924 632 2980 Pol.
654 2924 871 2993 latebat-ta
890 2926 955 2980 Eth.
974 2926 1045 2979 Eud.
1064 2924 1092 2979 ΙΙ
1111 2928 1136 2993 1,
1156 2926 1300 2991 1218532,
1319 2925 1444 2994 Zeller,

267 3016 389 3070 Hamae
407 3014 458 3068 XV
477 3013 548 3067 1880
565 3031 593 3083 p.
612 3014 664 3067 554
675 3032 715 3082 sq.

374 3105 394 3172 ²)
414 3102 515 3156 Similis
538 3102 672 3171 bipertita
691 3104 789 3158 divisio
813 3106 888 3173 apud
908 3104 1059 3159 stobaeum
1084 3104 1192 3172 11122,
1218 3104 1252 3159 10
1262 3104 1305 3158 W.
1330 3105 1446 3174 Peripa-

265 3192 361 3247 teticis
384 3191 526 3246 tribuitur.
564 3191 642 3256 Quae
666 3194 791 3246 ceterum
815 3195 936 3260 cognata
960 3192 1071 3257 catilli,
1095 3209 1150 3260 qua
1168 3197 1200 3248 τὰ
1219 3192 1246 3248 δι’
1271 3194 1340 3262 αὑτό,
1359 3198 1391 3248 τὰ
1410 3190 1441 3248 δι’

269 3281 328 3337 ἄλλο
346 3303 369 3336 τι
388 3278 474 3350 αἱρετά
493 3280 685 3348 seiunguntur.
722 3280 758 3335 cf.
779 3281 930 3335 Stobaeum
948 3280 976 3333 Π
995 3281 1030 3334 56
1041 3280 1085 3335 W.
1105 3283 1134 3335 et
1152 3281 1234 3349 infra,
1254 3283 1318 3336 adn.
1337 3282 1362 3336 5.

376 3371 396 3434 8)
415 3369 496 3422 Hunc
521 3370 611 3423 locum
638 3369 819 3436 luculentum,
847 3369 871 3423 si
893 3370 1071 3439 respexisset,
1097 3370 1254 3424 Arlethium
1279 3371 1314 3424 de
1338 3371 1446 3440 aliquot

267 3459 351 3514 rebus
370 3476 449 3512 secus
468 3458 653 3513 iudicatmum
672 3457 758 3513 faisse
776 3458 882 3527 opinor.

375 3549 396 3614 4)
417 3546 559 3615 Similiter,
578 3548 628 3600 sed
647 3547 767 3601 strictim
785 3547 875 3618 1130,
894 3547 942 3614 48;
961 3548 999 3602 lv
1017 3549 1060 3615 31,
1079 3548 1123 3602 42.

357 3638 397 3703 -a,
417 3637 452 3692 cf.
472 3636 559 3691 etiam
577 3638 611 3692 de
629 3636 685 3691 inv.
705 3637 734 3691 Il
752 3638 796 3703 52,
816 3638 867 3691 157
879 3655 938 3706 sqq.
959 3638 1099 3707 (similiter
1117 3640 1188 3706 part.
1208 3654 1248 3691 or.
1261 3638 1305 3705 24,
1318 3637 1447 3703 86-87),

269 3726 397 3794 Namque
421 3725 461 3779 ibi
483 3726 513 3779 in
536 3726 646 3794 generis
666 3727 844 3781 deliberativi
862 3728 1032 3781 tractatione
1050 3727 1106 3780 tria
1124 3744 1230 3795 genera
1248 3744 1343 3781 rerum
1354 3744 1445 3795 expe·

269 3815 416 3868 teuderam
437 3814 618 3869 invehuntur:
639 3816 662 3868 1.
683 3815 755 3883 qaod
771 3832 823 3870 saa
841 3816 868 3870 oi
885 3832 936 3870 ooo
954 3815 1067 3870 adliciat
1085 3815 1123 3868 ad
1139 3831 1196 3870 aesc
1212 3857 1218 3872 .
1233 3857 1260 3870 ..
1279 3815 1350 3884 qaod
1360 3832 1448 3884 penus

269 3903 363 3971 cirtae,
386 3903 507 3971 scicntia,
530 3904 638 3957 ceritas.
680 3905 706 3957 2.
729 3904 807 3959 aliud
830 3945 837 3961 .
862 3944 869 3958 .
894 3946 901 3967 ,
920 3909 1035 3972 propter
1055 3903 1175 3969 fmctam
1198 3909 1279 3972 atquc
1301 3903 1445 3958 utilitatem

265 3992 411 4061 posadum
417 4013 424 4060 ;
448 3991 520 4060 qaod
540 4007 626 4061 pertas
639 3994 758 4061 pecunia
776 3999 823 4048 est.
861 3993 886 4048 3.
907 3993 1042 4062 Quidaam
1062 4009 1095 4047 aa
1112 3993 1210 4047 iorum
1226 3993 1353 4059 partious
1370 3993 1446 4047 ianc-

269 4087 326 4136 tum
345 4122 352 4135 .
372 4122 377 4134 .
398 4123 405 4137 .
427 4087 459 4136 at
481 4081 610 4150 amicitia,
634 4082 705 4136 torm
728 4083 898 4137 existimatio.
935 4082 994 4136 Iam
1017 4099 1084 4136 vero
1108 4081 1249 4150 inprime
1272 4098 1377 4149 genere
1401 4081 1447 4147 53,

271 4169 403 4238 159-54,
423 4170 474 4223 165
493 4170 613 4225 virtutes
632 4170 774 4225 subtiliter
792 4172 953 4240 perlustrat,
972 4170 1057 4225 tertio
1076 4170 1182 4240 generi,
1201 4170 1272 4238 quod
1290 4174 1380 4224 tamen
1397 4171 1449 4225 lto-

270 4265 374 4334 aastam
397 4274 530 4326 vocamus,
553 4259 583 4313 H
601 4260 644 4326 55,
660 4259 716 4313 166
738 4261 861 4329 pieriam,
885 4260 1049 4329 otiositatem,
1070 4258 1280 4328 amplitudinem,
1301 4259 1447 4313 amicitiam

272 4347 408 4415 attribuit,
433 4365 494 4401 cum
520 4350 649 4416 alterum,
674 4349 748 4416 quod
772 4349 924 4404 utilitatem
944 4348 1147 4418 complectitur,
1170 4346 1259 4415 1156,
1280 4347 1332 4401 168
1351 4341 1448 4403 antio

271 4451 384 4504 corpore
406 4440 456 4490 aut
478 4439 508 4491 ia
531 4437 660 4492 extrariis
681 4437 761 4492 robae
782 4438 904 4506 positum
929 4455 990 4492 esse
1014 4437 1062 4491 ait.
1105 4438 1196 4505 Atque
1221 4441 1236 4503 ξ
1261 4437 1312 4490 168
1334 4440 1450 4506 praeter
