3278 5206
706 389 927 485 ..29ss

226 610 268 670 τά
290 589 394 670 πολλά
417 607 435 685 ἡ
458 604 611 690 πρόθεσις,
633 603 692 686 ἤδη
713 606 751 669 δέ
770 626 845 667 ποτε
867 607 919 667 καί
943 603 1002 667 ἀπὸ
1027 606 1119 689 μόνης
1141 603 1256 683 ταύτης
1276 601 1402 689 ἤρξατο.

228 708 302 788 Quo
342 729 416 771 eum
454 704 533 770 loco·
566 727 757 792 comparare
797 705 963 769 debemus·
995 707 1147 789 anonymi
1179 704 1254 788 Seg.
1293 703 1402 768 locum

229 812 427 879 simillimum
464 812 484 898 ἓ
522 813 673 877 166-67
700 813 753 898 ·(p.
779 813 852 893 315
890 835 939 898 sq.
966 811 1036 892 (ιι)
1072 817 1145 879 τότε
1179 817 1216 879 δὲ
1244 817 1404 902 προοιμίου

227 925 312 1003 τάξιν
336 925 397 1012 ἔχει
420 919 452 1005 (ἡ
468 920 624 1011 πρόθεσις)
648 927 702 988 τὸν
725 925 880 1012 ἀκροατὴν
904 927 1127 1011 ἐπιστρέφουσα
1141 925 1194 987 καὶ
1209 923 1331 986 τίθεται
1345 925 1403 1008 πρὸ

227 1042 287 1096 τῶν
309 1034 493 1118 διηγήσεων·
519 1029 539 1106 ἓ
564 1027 646 1090 167ι
681 1031 875 1119 λαμβάνεται
904 1031 941 1094 δὲ
963 1033 984 1108 ἡ
1007 1029 1153 1117 πρόθεσις
1174 1031 1226 1093 καὶ
1260 1030 1292 1092 ἐν
1316 1030 1402 1118 ἀρχῇ.

229 1135 281 1199 Ad
305 1156 391 1220 quae
405 1132 507 1196 verba
524 1133 719 1218 explicanda
737 1133 932 1198 Graevenus
956 1142 1045 1195 recte
1069 1132 1216 1196 adnotat:
1242 1130 1404 1211 „Neocles

229 1264 307 1326 ergo
331 1262 350 1302 a
372 1242 605 1326 propositione,
642 1263 792 1326 quae..
851 1241 966 1305 .inter
1001 1241 1168 1325 proprium
1202 1240 1405 1324 prooemium

229 1358 261 1411 et
298 1349 517 1410 narrationem
552 1350 814 1433 interponeretur
817 1289 881 1431 ·(§
912 1346 1000 1427 166),
1037 1368 1109 1409 eam
1147 1347 1404 1455 propositionem

229 1455 386 1535 distinxit,
411 1470 496 1539 quae
519 1455 610 1519 initio
641 1456 739 1518 totius
776 1449 930 1518 orationis
965 1462 1141 1538 poneretur
1175 1453 1207 1532 (θ
1233 1452 1309 1532 167)
1333 1450 1405 1514 sive

229 1563 395 1648 proprium
419 1562 623 1645 prooemium
647 1583 719 1624 eam
744 1571 937 1647 sequeretur
955 1562 1025 1624 sive
1047 1561 1149 1624 oratio
1166 1558 1229 1622 hoe
1246 1562 1402 1633 careretf‘

229 1661 337 1754 Atque
362 1667 511 1752 Dionysii
547 1676 579 1730 et
613 1669 767 1753 anonymi
792 1668 867 1752 Seg.
904 1687 1070 1730 consensu
1104 1665 1190 1729 hanc
1222 1660 1404 1729 doctrinam
1492 1725 1495 1732 .

229 1775 430 1839 Isocrateam
465 1795 539 1838 esse
574 1774 739 1860 probatur.
785 1775 961 1839 Praeterea
997 1797 1180 1860 anonymus
1205 1774 1292 1857 Sag,
1329 1793 1402 1835 cum

229 1881 337 1964 §160
372 1904 444 1967 sqq.
470 1883 515 1965 (p.
552 1881 650 1960 3Ο,16
687 1879 744 1964 G.)
781 1880 822 1944 de
856 1883 948 1944 varia
981 1886 1158 1972 προθέσεως
1192 1878 1406 1944 collocatione

229 1987 387 2052 Neoclem
422 1998 556 2051 secutus
593 1988 733 2067 disserit,
769 1987 790 2072 ξ
816 1988 879 2053 163
913 1993 1057 2080 πρόθεσιν
1092 1991 1229 2074 insuper
1256 1987 1406 2070 agnoscit

231 2117 316 2180 quae
339 2104 389 2157 est
411 2106 465 2179 τῆς
489 2098 672 2175 ἀποδείξεως
696 2099 783 2186 ἀρχή,
818 2096 863 2158 ita
897 2106 933 2158 ut
956 2097 1087 2160 omnino
1111 2105 1178 2158 tres
1203 2116 1283 2158 sane
1307 2093 1405 2156 sedes

231 2201 261 2263 ei
285 2201 510 2285 assignaverit.
556 2201 710 2265 Attamen
734 2223 795 2265 nec
831 2223 1013 2287 anonymus
1039 2201 1113 2286 Sag.
1138 2219 1199 2264 nec
1222 2200 1406 2285 Dionysius

231 2307 305 2372 Hal.
329 2313 473 2398 πρόθεσιν
496 2316 628 2392 praeter
646 2309 850 2393 prooemium
866 2310 900 2371 in
917 2306 1116 2393 specialibus
1134 2309 1289 2372 orationis
1308 2307 1405 2391 parti·

230 2413 302 2476 bus.
317 2414 453 2477 duxisse
477 2415 685 2478 existimandi
710 2426 794 2490 sunt.
880 2466 882 2471 .

339 2520 423 2586 Cum
447 2523 668 2607 propositione
693 2523 806 2584 omnes
830 2522 901 2585 fere
916 2522 1075 2603 rhetores,
1099 2531 1135 2585 ut
1157 2544 1212 2586 res
1235 2524 1309 2607 ipsa
1331 2517 1405 2599 fert,

230 2633 410 2718 διαίρεσιν
427 2627 590 2712 quandam
602 2625 656 2690 vel
669 2631 815 2719 μερισμόν
827 2631 1026 2710 consociant,
1042 2631 1192 2714 quamvis
1204 2629 1407 2692 recentiores

232 2733 364 2797 demum
403 2734 454 2797 his
481 2733 680 2798 nominibus
719 2736 801 2820 ipsis
840 2743 980 2798 utantur.
1027 2735 1072 2799 Ut
1110 2756 1292 2819 anonymus
1328 2732 1405 2816 Seg.

231 2840 363 2924 praeter
385 2845 566 2930 προέκθεσιν
590 2841 648 2921 (cf.
672 2864 703 2926 p.
729 2841 792 2925 27)
811 2851 843 2905 et
866 2847 1028 2910 ἀνανέωσιν
1066 2841 1122 2924 (cf.
1147 2864 1178 2926 p.
1203 2841 1281 2921 281)
1317 2838 1403 2902 doci-

229 2944 310 3009 litati
349 2948 446 3010 etiam
486 2953 629 3037 μερισμόν
668 2948 832 3033 supponit,
867 2964 977 3033 'quam
1015 2957 1141 3033 partem
1179 2947 1241 3010 hac
1262 2946 1406 3040 ratione

232 3051 388 3116 describit
421 3052 439 3137 θ
466 3054 522 3117 ’13
558 3052 643 3138 (3‚17
680 3053 750 3137 (ι.)
787 3060 932 3145 μερισμὸς
960 3060 997 3121 δέ
1025 3060 1107 3122 ἐστιν
1142 3059 1183 3134 είς
1218 3061 1293 3144 μέρη
1326 3049 1403 3142 περιέ

230 3167 332 3252 γραφὴ
355 3173 416 3228 τῶν
440 3165 518 3228 όλων
541 3165 688 3251 πράξεων,
736 3160 837 3246 Atqui
859 3161 1048 3225 huiusmodi
1069 3161 1264 3224 divisionem
1280 3159 1405 3243 Diony-

232 3269 317 3330 sium
341 3289 471 3352 quoque
495 3266 569 3331 Hal.
594 3291 626 3353 p.
643 3268 743 3346 36,14
767 3268 809 3331 ad
826 3273 991 3359 εὐμάθειαν
1008 3269 1137 3332 trabere
1156 3277 1261 3331 statuo
1271 3267 1305 3346 ¹),
1330 3286 1404 3328 cum

231 3373 323 3436 dicit:
348 3380 400 3441 καὶ
424 3381 480 3464 μὴν
504 3377 549 3455 εἷς
567 3402 603 3462 γε
627 3381 663 3442 τὸ
688 3379 831 3464 εὐμαθεῖς
854 3383 926 3455 τοὺς
942 3379 1100 3466 ἀκροατὰς
1113 3386 1236 3459 ποιῆσαι
1249 3376 1406 3440 κελεύουσι

231 3480 273 3561 (οἱ
287 3487 491 3572 τεχνογράφοι
516 3503 563 3543 sc.
582 3481 753 3565 Isocratei)
770 3487 1001 3573 συστρέψαντας
1018 3487 1106 3550 εἰπεῖν
1122 3488 1159 3549 τὸ
1174 3472 1302 3572 πρᾶγμα
1317 3533 1323 3546 .
1344 3532 1350 3546 .
1369 3532 1376 3546 .
1395 3518 1405 3547 .’

231 3592 291 3654 καὶ
326 3587 450 3677 οίάπερ
485 3593 528 3655 άν
562 3590 582 3681 ᾖ
616 3596 663 3656 τὰ
698 3595 884 3678 μέλλοντα
916 3582 1113 3679 λέγεσθαι,
1146 3600 1270 3657 τοιοῦτο
1293 3592 1347 3653 καὶ
1369 3591 1406 3652 τὸ

230 3700 386 3784 προοίμιον
410 3698 612 3762 ὑποτίθεσθαι
636 3690 686 3762 ἀπ’
717 3699 811 3785 ἀρχῆς
835 3743 842 3757 .
868 3746 875 3759 .
902 3744 909 3757 .
935 3747 941 3759 .
989 3694 1042 3757 Ex
1076 3694 1127 3757 his
1162 3695 1260 3777 igitur
1294 3690 1405 3755 verbis

231 3798 417 3863 Isocrateos
442 3806 591 3890 εὐμαθεία
615 3801 697 3864 duas
732 3811 859 3886 partes:
894 3806 1038 3892 πρόθεσιν
1061 3810 1094 3864 et
1117 3806 1261 3892 μερισμόν
1285 3797 1406 3862 subne-

228 3906 321 3969 xisse
345 3905 572 3973 concluserim.

323 4083 359 4149 2¹)
373 4080 416 4136 cf.
430 4081 523 4146 28,1o:
543 4082 660 4150 πρόθεσις
679 4123 684 4136 .
706 4122 712 4134 .
733 4125 748 4150 .,
768 4082 800 4136 δι’
819 4083 850 4151 ἧς
868 4087 900 4137 τὰ
919 4081 1075 4151 μέλλοντα
1093 4078 1124 4139 ἐν
1142 4088 1212 4144 ταῖς
1230 4081 1408 4144 ἀποδείξεσι

231 4167 378 4238 λέγεσθαι
404 4175 560 4239 προειπὼν
587 4173 631 4225 καὶ
658 4171 699 4226 τὸν
719 4171 844 4241 ἀκροατὴν
862 4175 1059 4241 παρασκευάσας
1077 4173 1229 4242 εὐμαθῆ.
1251 4165 1343 4224 ..ἐπὶ
1361 4168 1405 4237 τὴν

232 4258 344 4327 διήγησιν
363 4259 519 4314 καθίσταται
557 4259 658 4327 Liquet
677 4259 841 4328 Dionysium
868 4261 923 4315 hoc
945 4262 1007 4315 loco
1026 4262 1102 4315 idem
1129 4261 1190 4314 fere
1209 4260 1302 4314 dicere
1321 4260 1406 4326 atque

232 4345 320 4414 3616
339 4349 388 4400 sod
408 4348 545 4416 εὐμάθειαν
565 4350 594 4402 et
611 4349 729 4417 πρόθεσιν
748 4349 898 4417 invertere,
927 4367 981 4418 qua
1000 4350 1063 4418 ipsa
1081 4366 1112 4403 ro
1131 4367 1215 4418 quam
1234 4349 1352 4418 angusta
1370 4346 1409 4400 sit

230 4435 408 4489 necessitudo
426 4436 500 4490 inter
517 4437 569 4490 has
587 4438 684 4490 ambas
703 4437 832 4493 efficitur.
