3278 5206
709 461 925 526 -59-

228 637 298 700 tati‘
315 644 348 701 et
375 635 538 701 honestati
567 638 668 702 adicit
693 639 953 705 necessitudinem
986 640 1033 724 (et
1070 640 1304 724 adfectionem),
1338 650 1407 706 tum

230 744 407 829 unicuique
430 745 479 809 rei
502 742 621 809 multas
644 744 835 831 particulas,
860 747 930 810 sive
954 748 1092 810 virtutes
1117 748 1187 811 sive
1210 747 1297 812 bona
1318 747 1407 812 subi-

230 851 282 913 cit.
322 848 362 912 In
386 871 450 935 quo
475 853 556 915 satis
580 851 793 916 memorabile
819 862 878 935 est,
904 853 992 938 quod
1017 854 1057 917 de
1079 852 1216 918 utilitate
1232 864 1408 940 postquam

229 957 303 1040 egit,
339 954 421 1021 haec
453 957 599 1022 adnectit
630 958 665 1021 ΙΙ
693 958 745 1041 56,
773 959 851 1023 169:
884 965 978 1040 atque
1010 962 1045 1024 in
1073 962 1116 1024 iis
1143 963 1298 1042 omnibns,
1327 982 1408 1043 qnae

228 1062 412 1128 antedicta
434 1069 518 1145 snat,
548 1066 627 1146 qnid
648 1066 747 1147 fieri
769 1071 799 1130 ct
822 1067 899 1147 qnid
921 1067 1040 1146 facilc
1061 1067 1157 1148 fieri
1180 1066 1214 1151 (i.
1241 1089 1269 1133 e.
1293 1074 1330 1136 τὸ
1353 1075 1407 1136 δυ·

226 1175 318 1237 νατόν
351 1179 382 1233 et
412 1177 448 1238 τὸ
480 1170 594 1262 ῥᾴδιον)
622 1175 735 1253 possit,
767 1179 886 1252 oportet
915 1174 1117 1237 considerare
1127 1174 1159 1254 ¹).
1210 1173 1294 1238 Nam
1322 1173 1405 1240 haec

228 1274 331 1340 verba
354 1277 442 1362 apud
465 1277 675 1343 Aristotelem
701 1281 749 1343 sic
773 1278 856 1363 legis
881 1279 946 1362 Ι6,
973 1278 1147 1344 1363a21:
1171 1291 1273 1348 ταῦτα
1289 1281 1348 1362 (sc.
1364 1289 1406 1349 τὰ

227 1383 357 1466 δυνατά)
380 1389 417 1451 δὲ
439 1390 532 1474 διχῶς
554 1391 635 1454 ἐστιν
658 1393 700 1455 τά
722 1414 757 1454 τε
780 1392 962 1478 γενόμενα
985 1391 1025 1454 ἂν
1049 1392 1101 1454 καὶ
1123 1393 1164 1454 τὰ
1194 1390 1327 1478 ῥᾳδίως
1353 1415 1407 1478 γι·

228 1497 397 1580 peinana.
424 1489 474 1555 Of.
488 1513 584 1576 porro
601 1492 777 1557 1359a32:
797 1497 855 1561 bon
870 1499 908 1560 δὲ
923 1497 962 1574 ἐξ
979 1497 1140 1583 ἀνάγκης
1155 1498 1174 1578 ἢ
1190 1495 1271 1561 ἔστιν
1285 1498 1305 1578 ἢ
1321 1497 1409 1563 ἔσται

227 1600 247 1681 ἢ
275 1600 461 1666 ἀδύνατον
488 1603 507 1683 ἢ
536 1600 611 1667 εἶναι
639 1604 657 1683 ἢ
680 1604 834 1688 γενέσθαι,
862 1605 928 1689 περὶ
949 1605 986 1667 δὲ
1010 1603 1126 1668 τούτων
1151 1604 1206 1668 οὐκ
1230 1603 1294 1668 ἔστι
1317 1627 1406 1692 συμ-

230 1706 357 1794 βουλή,
389 1726 463 1767 cum
492 1703 560 1769 Cic.
591 1705 632 1768 de
661 1715 740 1770 orat.
766 1706 799 1769 Il
824 1706 877 1788 82,
902 1705 982 1770 336:
1012 1706 1175 1797 Inciditur
1197 1709 1281 1770 enirn
1304 1709 1407 1771 omnis

230 1810 472 1893 deliberatio,
500 1814 531 1876 ei
552 1813 746 1896 intellepitnr
769 1834 841 1878 non
859 1833 974 1895 posse
996 1813 1093 1895 fieri
1116 1818 1173 1879 ant
1195 1815 1225 1877 si
1248 1815 1407 1878 necessi-

229 1921 288 1981 tas
311 1917 459 1999 adfertur
483 1917 581 2003 (idem
605 1928 685 2005 part.
710 1941 755 1984 or.
780 1920 832 2000 24,
851 1919 920 2002 83).
959 1917 1108 2000 Accedit,
1134 1918 1222 2003 quod
1246 1940 1296 2000 ea,
1321 1940 1405 2004 quae

230 2021 347 2088 Cicero
372 2025 412 2088 de
436 2026 501 2090 inv.
526 2025 638 2107 1154,
665 2025 728 2091 165
753 2026 809 2110 (cf.
833 2035 919 2091 auct.
945 2024 987 2089 ad
1011 2025 1053 2088 H.
1077 2024 1184 2106 1113,
1210 2024 1241 2110 6)
1266 2034 1299 2089 et
1322 2035 1404 2111 part.

232 2152 278 2195 or.
302 2129 354 2214 23,
372 2131 413 2195 81
439 2131 582 2218 disputat
607 2132 647 2196 de
670 2134 711 2196 iis
735 2134 833 2216 vitiis,
858 2154 937 2215 qnae
959 2134 1104 2197 virtatenr
1126 2133 1305 2215 innitantur,
1330 2131 1409 2196 mihi

231 2236 365 2321 quidem
394 2240 460 2301 vim
486 2238 738 2324 Peripateticam
766 2237 917 2303 redolere
947 2236 1113 2302 videntur:
1143 2237 1185 2302 cf.
1217 2260 1244 2302 e.
1274 2260 1304 2322 g.
1332 2237 1408 2302 Eth.

230 2343 300 2407 Nic.
334 2343 367 2407 Il
392 2345 493 2427 7-83
523 2344 617 2411 Rhet.
647 2345 718 2425 19,
748 2345 908 2409 1367a32
923 2366 994 2430 sqq.
1048 2343 1140 2423 Quae
1175 2346 1408 2431 congruentiae

230 2451 287 2513 vix
312 2449 471 2537 explicari
493 2461 656 2537 poterunt,
685 2453 749 2515 nisi
774 2460 955 2516 statuemus
980 2449 1174 2516 Ciceronem
1199 2472 1217 2514 e
1239 2450 1404 2536 Peripate-

231 2557 371 2621 ticorum
396 2560 498 2643 copiis
524 2581 584 2623 sua
606 2567 788 2623 mutuatum
813 2557 931 2641 essel).

340 2665 410 2728 Nec
427 2663 553 2730 Tullius
579 2664 619 2730 ab
636 2666 843 2731 Anaximene
868 2664 994 2729 alienus
1021 2674 1080 2746 est,
1106 2685 1245 2747 quocum
1264 2664 1296 2727 in
1312 2663 1406 2746 facili

232 2769 420 2836 definiendo
456 2774 536 2837 satis
572 2773 723 2838 concinit.
778 2768 828 2835 cf.
858 2770 899 2833 de
935 2773 999 2835 inv.
1035 2770 1069 2833 ΙΙ
1098 2769 1151 2848 56,
1183 2769 1260 2834 169:
1298 2767 1407 2834 Facile

231 2883 336 2942 anteon
370 2879 405 2942 id
438 2879 585 2957 divionna,
622 2879 703 2960 qnod
736 2881 805 2943 sine
839 2898 952 2960 rriaprro
985 2883 1042 2942 ont
1070 2879 1139 2942 sine
1168 2875 1233 2940 nilo
1264 2876 1405 2958 labore,

230 2989 397 3067 snnrptn,
433 2986 607 3049 rnolestia
641 3005 736 3065 qnam
771 2986 952 3049 brevissimo
988 2988 1123 3064 ternpore
1156 2982 1267 3062 confici
1298 2988 1405 3063 potest,

232 3111 306 3153 cum
330 3090 436 3156 Anax.
464 3092 514 3172 14,
540 3091 597 3154 21:
624 3096 714 3183 ῥᾴδια
736 3098 778 3159 τὰ
802 3097 881 3182 μετὰ
904 3096 1066 3182 ἐλαχίστου
1089 3096 1198 3180 χρόνου
1222 3095 1274 3157 καὶ
1296 3096 1406 3159 πόνου

229 3202 282 3264 καὶ
314 3203 477 3283 δαπάνης
511 3203 727 3290 ἐπιτελούμενα
736 3199 770 3283 ³).
829 3197 880 3261 Ex
912 3199 952 3260 iis
985 3218 1062 3281 ergo
1095 3217 1179 3281 quae
1211 3195 1407 3259 antecedunt

232 3301 425 3368 Ciceronem
454 3307 488 3367 in
518 3303 614 3368 libris'
642 3304 682 3369 de
714 3306 901 3368 inventione
932 3313 969 3367 ut
997 3302 1208 3368 Aristotelem
1235 3309 1272 3370 τὸ
1300 3307 1418 3383 natta·

232 3418 392 3501 συμφέρον,
408 3416 536 3492 δίκαιον,
556 3415 669 3503 ῥᾴδιον,
686 3413 825 3492 δυνατόν,
843 3415 1008 3501 ἀναγκαῖον
1020 3411 1195 3494 agnovisse
1208 3410 1241 3471 in
1254 3418 1406 3494 promptu

340 3586 360 3647 ¹)
381 3582 416 3637 cf.
436 3586 510 3653 part.
530 3601 569 3639 or.
589 3585 632 3651 24,
653 3585 688 3638 84
707 3587 736 3639 et
756 3586 791 3639 de
810 3588 880 3639 orat.
900 3583 989 3646 1182,
1008 3583 1069 3638 336.

338 3673 359 3739 ’)
379 3671 414 3726 cf.
433 3671 509 3726 infra
536 3691 563 3742 p.
594 3674 635 3728 73.
675 3672 730 3728 Sed
749 3673 1029 3728 animadvertendum
1059 3676 1103 3726 est
1121 3673 1172 3725 has
1192 3672 1270 3726 fictas
1288 3670 1407 3724 virtutes

231 3762 266 3815 ab
292 3769 405 3816 auctore
430 3763 464 3816 ad
484 3762 517 3816 H.
537 3761 622 3831 1113,
642 3763 658 3816 6
677 3767 828 3832 propterea
847 3764 876 3816 in
896 3765 1048 3831 conspectu
1066 3762 1142 3830 poni,
1165 3764 1197 3814 ut
1215 3761 1244 3814 in
1262 3761 1407 3814 contrariis

225 3851 320 3918 potine
342 3851 422 3906 rcbne
445 3868 525 3920 qnam
548 3853 578 3906 in
600 3853 645 3906 bia
668 3856 716 3924 (sc.
741 3870 813 3920 quae
837 3853 1011 3906 adversarius
1036 3851 1114 3917 dicit)
1137 3853 1262 3906 oirtntcm
1284 3854 1407 3904 constare

230 3941 417 4009 ostendamus,
443 3957 459 3994 a
479 3940 612 3996 Cicerone
631 3945 727 3996 antem
746 3943 780 3995 ob
801 3958 864 3996 eam
881 3958 1001 4007 cansam,
1027 3940 1143 4009 utquid
1162 3939 1242 3993 nobis
1261 3937 1405 3992 vitandum

230 4030 267 4084 sit
288 4030 364 4084 haud
386 4030 555 4100 ignoremus,
580 4049 643 4085 cum
661 4031 826 4085 Aristoteles
850 4048 896 4084 eas
920 4031 949 4084 in
973 4031 1117 4085 meliorem
1138 4032 1248 4098 partem
1271 4029 1408 4080 relatasa

230 4119 437 4173 laudationibus
460 4137 516 4174 non
539 4121 644 4175 alienas
664 4137 723 4174 esse
743 4123 826 4188 putet
845 4129 880 4179 tv.
903 4119 1032 4174 1367532
1042 4124 1103 4188 sq.).
1141 4118 1252 4172 Scilicet
1269 4115 1407 4184 posterior

230 4208 379 4276 rhetorica,
403 4209 432 4261 in
451 4226 506 4277 qua
524 4210 701 4279 philosophia
720 4210 895 4278 aliquantum
913 4210 1037 4278 valebat,
1061 4208 1181 4278 priorem
1203 4207 1357 4260 doctrinam
1376 4206 1408 4258 ut

230 4301 345 4365 turpem
363 4298 476 4352 tradere
495 4316 551 4352 non
571 4298 703 4352 audebat.

338 4386 358 4456 ³)
380 4386 415 4441 ci.
435 4387 519 4440 etiam
538 4387 653 4442 Aristot.
675 4387 815 4441 1363523.
852 4388 945 4456 Atque
970 4387 1015 4441 hic
1035 4386 1324 4445 consensusfortasse
1342 4388 1408 4442 inde

229 4475 401 4545 repetendus
421 4478 472 4546 est,
493 4477 565 4544 quod
584 4477 682 4530 eadem
701 4494 745 4530 res
764 4477 882 4530 eandem
903 4477 1073 4531 locutionem
1092 4477 1185 4533 traxit.
