3278 5206
737 441 958 505 ...84-

259 616 368 681 ciebat
377 616 409 700 ¹),
436 637 500 701 quo
525 615 735 679 confirmatur
759 615 850 681 illum
870 640 988 682 revera
1014 620 1077 708 βίον
1095 632 1260 698 exponere
1283 607 1438 672 voluisse.

264 724 339 787 Huc
363 723 502 808 accedit,
537 721 626 807 quod
654 724 688 787 in
710 723 866 808 Euagora
889 728 1003 790 aetatis
1029 721 1154 804 prodas
1176 720 1327 800 sequitur,
1354 714 1441 801 quod

262 828 482 910 Quintilianus
521 828 542 894 l.
583 851 609 895 c.
651 828 784 894 alterius
824 832 992 895 doctrinae
1031 829 1199 915 proprium
1239 846 1313 889 esse
1350 822 1438 887 dicit.

262 935 383 1001 Contra
418 935 607 1021 Xenophon
642 938 676 1000 in
704 936 861 1021 Agesilao
886 940 1028 1024 primum
1053 933 1185 1021 quidem
1211 929 1250 1012 (c.
1278 930 1376 1013 1-2)
1399 936 1440 996 τὰ

260 1046 337 1134 ἔργα
359 1052 478 1123 narrat,
515 1063 712 1128 quamquam
736 1042 819 1108 haec
842 1046 916 1130 ipsa
944 1063 1075 1129 quoque
1101 1039 1143 1104 ad
1166 1040 1303 1102 virtutes
1327 1036 1438 1117 refert,

260 1171 306 1212 ex
329 1148 448 1234 quibus
472 1148 560 1213 facta
584 1172 756 1214 emanasse
781 1160 884 1237 putat,
908 1160 977 1215 tum
995 1185 1037 1195 -
1054 1147 1086 1212 id
1104 1146 1192 1232 quod
1207 1167 1277 1209 rem
1295 1144 1441 1208 continet

265 1292 306 1301 -
332 1277 380 1319 cc.
406 1255 494 1320 3-—9
518 1257 609 1341 ipsas
633 1258 772 1320 virtutes
790 1255 938 1342 singulas
954 1255 1124 1341 percurrit.
1166 1252 1260 1332 Quae
1282 1250 1439 1330 doctrina,

264 1382 329 1445 qua
361 1370 429 1425 tota
463 1359 608 1426 laudatio
637 1365 671 1426 in
695 1365 832 1426 virtutes
857 1362 1067 1447 dirigebatur,
1095 1356 1344 1445 insequentibus
1369 1377 1440 1420 sae-

264 1467 346 1532 culis
380 1491 486 1554 paene
520 1469 590 1532 sola
624 1469 804 1555 florebat2)‚
841 1471 906 1534 nisi
935 1469 1024 1556 quod
1052 1468 1251 1553 posteriores
1280 1485 1347 1527 non
1374 1464 1440 1525 iam

263 1574 426 1639 factorum
451 1577 690 1661 expositionem
713 1578 922 1662 praemittere
946 1574 1104 1656 solebant,
1135 1573 1194 1637 sed
1223 1570 1331 1636 statim
1354 1571 1442 1632 facta

193 1749 196 1755 ,
265 1679 404 1764 singulis
428 1681 603 1745 virtutibus
628 1682 843 1767 assignabant
851 1683 885 1767 ³).

371 1787 497 1852 Tamen
532 1787 611 1851 mihi
647 1788 855 1853 statuendum
890 1811 965 1853 esse
1000 1787 1130 1851 videtur
1165 1793 1278 1872 quarto
1308 1783 1440 1869 quidem

264 1892 399 1957 saeculo
424 1893 489 1958 duo
512 1893 735 1959 laudationum
759 1918 882 1977 genera
905 1918 971 1959 non
987 1896 1031 1959 ita
1048 1894 1089 1958 ad
1106 1893 1264 1957 amussim
1289 1891 1440 1954 distincta
1505 1984 1508 1989 γ

264 1999 378 2064 fuisse.
425 2001 576 2087 Namque
610 2024 676 2064 non
705 2001 811 2066 solum
841 2001 1029 2088 Xenophon
1053 2002 1203 2087 primum,
1228 2008 1264 2061 ut
1286 1996 1440 2077 vidimus,

263 2113 305 2174 τὰ
328 2109 405 2197 ἔργα
438 2109 655 2191 recognoscit,
692 2108 752 2172 sed
787 2109 951 2173 Isocrates
987 2111 1060 2194 ipse
1090 2127 1221 2193 quoque
1250 2112 1308 2185 τὰς
1330 2106 1442 2194 &percit

263 2215 398 2276 minime
422 2211 575 2298 neglegit.
616 2214 720 2279 Immo
737 2237 816 2280 vero
841 2216 1034 2301 saepissime
1057 2236 1113 2278 eas
1139 2218 1381 2291 commemorat,
1407 2219 1442 2273 ut

264 2320 387 2404 optimo
422 2322 493 2383 iure
516 2319 758 2384 Wendlandius
793 2345 825 2408 p.
854 2323 896 2386 57
923 2321 1145 2407 praedieat4),
1175 2318 1370 2403 saepissime
1399 2338 1442 2380 ex

264 2422 365 2488 rebus
399 2427 503 2509 gestis
539 2446 595 2488 eas
625 2449 784 2512 apparere
812 2436 992 2495 asseverat.
1044 2425 1096 2494 Of.
1125 2425 1208 2488 XVI
1238 2424 1296 2505 383
1324 2424 1359 2486 X
1381 2423 1440 2505 313

265 2530 317 2592 IX
341 2531 449 2612 33‚46,
479 2531 536 2612 65;
561 2532 626 2595 XV
652 2533 809 2615 118‚119;
840 2532 881 2596 cf.
908 2535 1006 2597 etiam
1029 2531 1181 2616 Xenoph.
1207 2529 1308 2613 Ages.
1337 2530 1440 2613 16⁵).

265 2635 506 2701 Wendlandius
531 2640 607 2701 item
633 2638 836 2703 demonstrat
864 2638 1029 2703 rhetorem
1058 2640 1092 2701 in
1115 2637 1270 2720 Euagora
1293 2637 1441 2721 proxime

262 2743 308 2807 ad
331 2746 550 2809 recentiorum
575 2755 752 2831 praecepta
775 2745 945 2827 accedere,
975 2768 1048 2810 cum
1072 2749 1089 2824 ἕ
1114 2745 1157 2808 23
1182 2743 1271 2808 dicit:
1296 2748 1383 2834 ἀνδρὶ
1404 2750 1441 2811 δὲ

264 2859 415 2942 γενομένῳ
449 2856 557 2941 ἀνδρία
590 2860 791 2943 προσεγένετο
825 2859 878 2921 καὶ
912 2858 1007 2943 σοφία
1026 2857 1078 2919 καὶ
1101 2854 1294 2935 δικαιοσύνη,
1321 2849 1440 2934 quibus

267 2977 285 3018 e
308 2954 484 3019 virtutibus
509 2977 562 3020 res
586 2966 700 3041 gestae
724 2960 914 3022 necessario
938 2967 1033 3021 natae
1059 2979 1134 3021 esse
1159 2955 1322 3021 dicuntur.

373 3061 468 3125 Patet
503 3083 580 3145 ergo
617 3065 713 3127 etiam
746 3064 926 3128 Isocratem
961 3063 1124 3128 interdum
1160 3064 1265 3148 magis
1294 3086 1313 3126 a
1341 3064 1440 3126 virtu-

266 3167 353 3230 tibus
394 3189 491 3251 quam
531 3191 550 3231 a
587 3166 683 3232 factis
720 3169 894 3254 proficisci.
955 3169 1021 3234 Sed
1061 3172 1220 3234 memoria
1256 3167 1355 3252 longe
1395 3169 1441 3231 di-

266 3273 462 3356 gnissimum
487 3284 547 3356 est,
572 3275 660 3360 quod
684 3278 845 3360 posterior
869 3276 1016 3340 doctrina
1031 3298 1138 3362 paene
1161 3285 1228 3340 tota
1251 3274 1339 3361 apud
1354 3274 1441 3340 Ana·

266 3381 432 3442 ximenem
466 3381 640 3462 invenitur,
676 3383 721 3445 ita
748 3392 784 3446 ut
810 3384 933 3448 Leonis
965 3382 1067 3447 verba
1095 3384 1152 3445 vix
1187 3392 1273 3446 stare
1304 3384 1442 3467 possint,

268 3485 386 3571 quibus
410 3485 459 3549 vir
484 3485 695 3551 doctissimus
713 3486 904 3552 sollemnem
923 3490 1063 3553 encomii
1083 3487 1222 3552 formam
1246 3487 1343 3573 paulo
1367 3497 1442 3552 ante

267 3591 437 3656 Ciceronis
461 3597 652 3657 memoriam
678 3604 779 3657 ortam
806 3618 880 3659 esse
905 3597 1062 3676 censat).
1101 3595 1184 3658 Nam
1208 3593 1439 3672 Anaximenes,

269 3720 464 3784 quamquam
494 3709 530 3763 ut
552 3700 708 3764 Isocratis
738 3700 878 3783 assecla,
911 3699 997 3764 illius
1027 3700 1207 3764 doctrinam
1232 3703 1264 3763 in
1289 3701 1442 3786 Euagora

266 3827 459 3891 expressam
496 3816 629 3871 secutus
665 3817 732 3870 tres
768 3817 891 3870 aetates
927 3807 1093 3884 discernit,
1130 3806 1249 3870 deinde
1278 3807 1353 3889 84,9
1382 3829 1442 3872 nos

375 4000 395 4065 ¹)
417 3999 471 4053 Leo
491 4017 519 4066 p.
538 3997 572 4050 92
593 4001 622 4051 et
640 3997 701 4051 209.

375 4087 396 4151 ²)
416 4088 472 4142 Leo
491 4106 519 4156 p.
538 4086 600 4139 209.

375 4175 395 4244 ⁸)
416 4176 576 4228 Wendland
596 4193 624 4243 p.
644 4175 687 4228 57.

374 4266 396 4332 ⁴)
417 4263 452 4317 ef.
473 4264 559 4318 etiam
578 4263 634 4317 Leo
653 4282 681 4332 p.
700 4262 744 4316 91.

376 4353 396 4420 5)
416 4351 474 4405 Hos
492 4352 567 4405 locos
587 4368 683 4405 omnes
701 4352 762 4406 fere
783 4352 837 4407 Leo
856 4353 960 4421 passim
974 4372 1001 4422 p.
1020 4353 1126 4406 91-92
1146 4355 1221 4408 citat.

377 4439 398 4505 θ)
419 4439 453 4493 ef.
474 4439 633 4492 Wendland
651 4459 676 4505 p.
695 4441 739 4496 55.
